3666 5544
128 615 132 622 .
170 564 190 573 ”
245 572 324 640 parte
349 568 438 639 prima
466 567 593 633 dimetri,
619 567 742 638 reliquos
769 577 834 624 vero
865 573 921 623 tres

245 649 352 726 pedes,
374 655 431 726 ‘qui
458 661 525 710 sunt
552 654 656 722 ultimi,
689 655 776 712 hahet
799 673 815 711 ιι
842 662 922 728 parte

149 806 153 812 ,
246 747 337 815 prima
356 745 485 814 quadrati
507 743 604 813 tragici
625 745 776 810 trochaici,
797 751 842 800 ut:

192 839 194 844 ’
234 837 237 842 ’
265 893 267 896 ¹
297 843 351 884 curu
364 841 533 885 victcrbemuo
548 841 643 885 classem
657 841 760 886 Doricam
773 846 906 898 appulisset.

298 923 350 977 Est
369 925 465 976 autem
484 922 592 976 duabus
610 923 707 992 primis
727 925 843 994 syllabis
862 927 922 981 lon-

245 1012 305 1080 gior
334 1011 370 1065 ab
397 1010 649 1081 hendecasyllabo,
676 1027 742 1066 nam
769 1029 823 1067 uuo
850 1017 922 1084 pede

244 1099 273 1154 in
299 1099 391 1169 capite
412 1096 639 1170 hendecasyllabi
651 1101 758 1170 posito,
778 1101 923 1160 Saturnius
957 1161 959 1166 .

245 1203 346 1244 versus
365 1186 427 1242 fiet:
453 1187 531 1242 cuius
552 1189 713 1258 exemplum
731 1190 833 1246 Metelli
853 1209 924 1261 pro-

222 1285 441 1346 ·propcsueruat
465 1277 498 1330 dc
518 1276 623 1333 Naevio
647 1279 808 1349 aliquotiens
838 1281 881 1336 cb'
893 1299 923 1338 eo

249 1365 382 1430 lacessiti,
400 1365 456 1420 ita:
551 1407 553 1411 .

297 1453 402 1509 Maium
418 1455 520 1510 dobunt
539 1455 642 1512 Metelli
659 1457 765 1514 Naeuio
783 1467 887 1528 poetae.

296 1541 369 1597 Nam
388 1543 489 1598 molum
507 1545 609 1600 dobunt
626 1545 729 1603 Metelli
745 1548 843 1623 clauda
858 1565 923 1618 pars

246 1631 357 1685 dimetri
375 1632 487 1688 iambici
506 1638 561 1702 est,
587 1634 688 1690 dehinc
706 1636 813 1694 Naevio
828 1647 924 1707 poetae

246 1718 334 1774 tribus
354 1718 506 1776 Trochaais
526 1727 652 1790 constal,
672 1727 747 1796 quod
766 1727 788 1796 †
805 1727 925 1782 Pholoe-

248 1809 319 1862 cium
336 1823 481 1877 vocamus3
507 1815 724 1883 necquicquam
745 1813 834 1870 oberit
853 1815 923 1871 Tro-

149 1959 150 1962 ,
244 1896 349 1964 chaeo,
377 1899 452 1968 quod
471 1914 582 1970 semper
600 1901 628 1954 in
647 1903 744 1957 metris
764 1905 925 1961 indifferen-

245 1991 302 2050 ier,
323 1987 397 2040 sicut
415 1989 544 2057 superius
564 1989 699 2058 diximus,
722 1993 845 2061 ponitur,
867 1997 922 2049 tres

246 2072 357 2128 lambos
385 2090 448 2130 cum
472 2077 581 2146 syllaba
606 2082 635 2133 et
669 2081 725 2135 ires
752 2081 922 2138 Trochaeos.

243 2161 319 2230 Ergo
339 2163 393 2218 erit
410 2164 501 2234 prima
518 2181 584 2236 pars
605 2165 648 2240 (id
667 2173 727 2223 esi:
749 2171 851 2226 motum
868 2172 923 2228 da-

246 2251 309 2306 bunt
328 2250 446 2326 Metelli)
466 2254 542 2322 talis,
562 2257 654 2325 qualis
669 2261 729 2311 est:
749 2261 832 2312 idest
851 2264 923 2314 celer

244 2343 389 2402 Phemius,
408 2342 495 2396 item:
522 2346 713 2410 Memphitides
732 2351 853 2414 puellae;
880 2366 923 2406 se-

243 2445 331 2500 quens
356 2429 474 2496 (Naeuio
501 2435 609 2502 poetae)
635 2434 702 2488 talis
718 2439 777 2504 esi,
804 2441 835 2492 ut
860 2443 922 2504 est·

242 2521 348 2573 itacche
369 2523 468 2586 plaude
485 2524 600 2574 Bacche.
637 2523 750 2588 isene
773 2527 835 2580 ui
827 2542 857 2580 ιιι
875 2528 923 2596 de-

243 2608 388 2678 casyllaho
407 2608 513 2678 primus
536 2625 586 2680 pes
609 2611 731 2666 incertus
751 2616 806 2680 est,
833 2615 922 2672 itaut

242 2697 270 2749 iu
289 2695 344 2750 hoc
362 2697 418 2750 duo
436 2697 518 2766 primi
537 2699 625 2767 pedes
644 2700 798 2756 variantur:

297 2792 341 2835 lam
355 2805 415 2836 nune
427 2799 493 2837 vocet
508 2795 627 2838 &maenas
642 2799 691 2850 quis
705 2811 785 2841 novem
805 2813 906 2857 sorores,

243 2879 290 2947 qui
312 2883 342 2932 ut
361 2880 497 2934 terminus
516 2895 532 2935 a
552 2881 682 2952 Spondeo
701 2883 826 2956 incipitl)
852 2883 920 2952 Qui-

242 2967 308 3021 dam
327 2967 425 3022 volunt
443 2967 516 3024 hunc
535 2970 611 3025 feriri
630 2973 721 3026 sexies
740 2977 768 3028 et
793 2975 918 3044 recipere

240 3056 328 3125 pedes
347 3059 471 3124 septem,
491 3055 546 3112 hoc
571 3061 623 3124 esi,
645 3059 819 3128 Spondeum,
846 3063 919 3118 Iam-

242 3144 319 3207 bum,
333 3141 537 3212 pyrrhichium,
553 3145 740 3215 Pariambum,
760 3149 917 3222 Dactylum,

242 3229 435 3299 'irochaeum,
469 3233 677 3303 Anapaestum,
706 3253 722 3292 e
747 3239 848 3309 quihus
874 3247 918 3296 est

242 3317 463 3390 Thacomestus‚
497 3324 526 3377 et
552 3325 629 3380 nasci
657 3341 673 3380 a
704 3327 829 3382 trimetro
856 3345 917 3384 sca-

240 3411 335 3475 zonte3
362 3409 409 3463 alii
440 3424 508 3465 vero
530 3425 629 3466 omnes
650 3409 798 3470 duodecim
829 3417 916 3486 pedes

240 3496 400 3563 admittere,
419 3513 511 3568 nequa
529 3515 642 3571 semper
660 3517 742 3571 eum,
761 3509 791 3558 ul
810 3505 849 3559 illi
870 3521 915 3561 as-

239 3589 350 3653 serunt,
374 3587 453 3640 nasci
472 3603 488 3642 e
508 3589 634 3646 trimetro
656 3597 796 3648 scazonis.
833 3591 914 3650 Unde

239 3673 313 3742 apud
333 3688 431 3729 omnes
458 3681 654 3745 grammaticos
680 3696 765 3752 super
786 3681 840 3738 hoc
864 3684 914 3738 ad-

237 3761 294 3816 huc
312 3778 369 3816 non
387 3779 475 3834 parva
494 3765 529 3820 lis
548 3769 598 3822 est.

289 3922 313 3990 1)
350 3927 451 3978 Locum
484 3930 558 3979 hunc
589 3938 746 3995 corruptum
777 3939 804 3984 et
831 3949 912 3985 sensu

239 4000 376 4046 carentem
389 3999 525 4050 Sooteoius
538 4001 572 4051 ad
585 4001 693 4054 Terent.
705 4005 791 4058 Maur
806 4019 832 4055 v.
841 4005 912 4056 2514

238 4078 265 4127 p.
292 4064 345 4114 355
375 4071 511 4152 probabili
540 4075 697 4125 coniectura
725 4077 762 4126 ita
789 4079 911 4130 sanavit:

239 4135 328 4198 „Sane
348 4140 422 4189 utin
441 4142 669 4208 hendecasyllabo
688 4147 791 4230 primus
808 4161 855 4210 pes
871 4149 909 4198 iu·

238 4209 328 4256 certus
347 4211 403 4266 est,
422 4209 459 4260 ita
477 4215 530 4262 et
522 4229 549 4263 ru
574 4216 627 4265 hoc
648 4217 702 4266 duo
725 4219 805 4281 primi
829 4221 910 4282 pedes

237 4276 392 4328 variantur.

291 4353 335 4395 lem
350 4365 408 4397 nuuc
421 4360 488 4399 vocet
502 4359 606 4404 cumeum
621 4366 669 4417 quis
684 4375 763 4407 noveru
776 4375 869 4410 sorores

182 4471 186 4477 ,
237 4419 283 4481 qui
302 4415 446 4472 Saturnius
465 4425 584 4486 spondeo
602 4429 722 4494 incipiat

1046 571 1129 618 Ituello
1142 585 1220 630 magua
1233 577 1368 632 dirimendo,
1383 581 1474 633 regibus
1486 584 1621 637 subigendis.

994 645 1113 714 quiesi
1137 648 1289 705 subsimilis
1312 651 1355 716 ei,
1384 667 1469 722 quem
1494 656 1577 725 paulo
1604 662 1669 714 ante

933 741 934 744 ’
993 735 1090 802 posui:

1048 831 1157 875 consultu
1171 835 1273 888 producit
1287 847 1394 892 eumque
1408 841 1438 881 sit
1452 841 1605 895 impudentior.

1048 912 1082 968 In
1100 913 1185 968 Acilii
1205 913 1363 974 Glabrionis
1383 919 1495 976 tabula:

1047 1009 1128 1054 Fundit
1141 1011 1204 1066 lugat
1217 1017 1326 1066 portemia
1343 1019 1448 1061 mutuas
1463 1019 1564 1072 legionis.

1045 1091 1129 1161 Apud
1155 1095 1268 1162 poetam
1293 1095 1432 1152 Naevium
1466 1099 1520 1155 hos
1554 1105 1666 1172 repperi

993 1179 1121 1234 doneos:

1048 1269 1150 1326 samo
1163 1272 1296 1340 pulchros
1312 1281 1425 1342 poteras
1441 1293 1540 1332 aureos
1553 1280 1666 1347 lepidos.

1046 1357 1084 1412 Et
1101 1360 1157 1416 alio
1175 1361 1255 1416 icco:

1046 1445 1151 1502 Nouem
1169 1449 1243 1505 Iovia
1261 1451 1406 1504 concordes
1424 1453 1498 1519 filiae
1516 1471 1632 1510 sorores.

1049 1534 1106 1590 Sed
1124 1551 1162 1590 ex
1180 1537 1310 1592 omuibus
1329 1538 1403 1606 istis,
1422 1543 1469 1610 qui
1487 1547 1554 1598 sunt
1572 1560 1667 1615 asper-

994 1623 1058 1679 rimi
1075 1628 1105 1680 et
1122 1625 1158 1681 ad
1171 1626 1419 1683 demonstrandum
1433 1631 1547 1687 minime
1561 1649 1671 1689 accome

994 1713 1113 1784 modali,
1132 1714 1255 1785 optimus
1274 1719 1329 1788 est,
1347 1735 1432 1790 quem
1451 1719 1552 1776 Metelli
1564 1739 1669 1792 propo-

994 1803 1103 1858 suerunt
1121 1794 1165 1858 de¹
1178 1803 1284 1862 Naeuio
1311 1808 1453 1879 aliquoties
1480 1801 1514 1864 ab
1535 1827 1565 1865 co
1590 1828 1669 1867 versu

995 1891 1133 1948 lacessiti:

1047 1981 1152 2038 Maium
1171 1983 1273 2038 debeat
1289 1983 1391 2042 Metelli
1407 1986 1513 2044 Naeuio
1527 1999 1632 2054 peuce.

1047 2069 1101 2125 Hic
1119 2072 1194 2126 enim
1215 2072 1362 2129 Saturnius
1381 2079 1491 2130 constat
1509 2091 1545 2131 ex
1559 2076 1664 2148 Hippo-

994 2157 1087 2214 nactei
1113 2162 1243 2230 quadrati
1269 2161 1381 2218 iambici
1413 2165 1567 2233 posteriore
1593 2183 1669 2221 coro-

993 2249 1068 2302 maie
1081 2251 1109 2303 et
1123 2253 1142 2317 's
1155 2249 1305 2306 Phalaecio
1322 2259 1415 2307 metro.
1418 2253 1427 2288 ¹
1430 2257 1443 2321 )
1478 2253 1665 2324 Hipponaclei

994 2337 1123 2407 quadrati
1142 2341 1322 2410 exemplum:

1049 2436 1107 2481 Quid
1120 2436 1284 2480 immerentibus
1297 2439 1384 2481 nocesi
1398 2438 1457 2484 Quid
1470 2440 1558 2483 invides
1571 2441 1666 2483 amieis?

1044 2515 1117 2572 Nam
1136 2517 1241 2573 Maium
1259 2519 1360 2573 dobunt
1377 2518 1479 2576 Metelli
1505 2521 1596 2576 simile
1622 2525 1665 2576 esi

991 2605 1048 2660 illi
1076 2604 1150 2674 Quid
1173 2608 1278 2662 incides
1305 2610 1420 2664 amicis?
1458 2609 1509 2665 Cui
1541 2610 1667 2665 detracta

992 2693 1102 2766 syllaba
1132 2695 1221 2766 prima
1244 2697 1309 2752 iacit
1334 2697 1505 2753 Phalaecion
1529 2703 1664 2754 metrum:

991 2781 1102 2838 licoides
1121 2787 1231 2853 emico,
1254 2787 1410 2857 exquibus
1429 2789 1600 2858 compositus
1620 2793 1663 2842 est

990 2871 1035 2926 hic
1054 2872 1217 2942 Saturnius,
1236 2877 1267 2929 ut
1284 2875 1319 2929 sit
1337 2890 1388 2945 par
1406 2875 1485 2930 huic:

1042 2963 1114 3026 Quid
1132 2966 1237 3017 invides
1256 2967 1370 3016 amicis?
1405 2968 1514 3017 invides
1527 2969 1629 3018 amicis.
1729 3028 1733 3038 .

1042 3049 1105 3106 Hoc
1123 3053 1222 3106 modo:

1042 3139 1148 3196 Malum
1166 3141 1267 3196 dobant
1287 3140 1390 3198 Metelli
1406 3141 1512 3198 Naevio
1528 3149 1632 3211 poetae.

1040 3299 1064 3367 ¹)
1101 3303 1160 3352 Hoc
1177 3303 1254 3362 loco,
1274 3304 1499 3368 quemadmodum
1513 3305 1583 3367 apud
1599 3304 1659 3353 Vic-

987 3374 1108 3424 torinum
1127 3387 1177 3437 pro
1194 3373 1338 3425 Phalaecio
1356 3377 1470 3426 Phallico
1489 3375 1662 3426 scribendum

988 3457 1064 3506 esse,
1090 3458 1184 3495 errore
1209 3446 1373 3509 scripturae,
1401 3449 1447 3510 qui
1472 3447 1498 3496 in
1524 3447 1662 3496 codicibus

987 3517 1137 3566 sexcenties
1156 3517 1292 3580 occurrit,
1318 3517 1372 3567 iam
1396 3518 1533 3570 scoteniua
1551 3518 1585 3566 ad
1599 3517 1659 3566 Ter.

986 3587 1073 3638 Maur.
1095 3601 1118 3635 v.
1131 3585 1240 3652 25551,
1254 3588 1307 3638 359
1320 3588 1473 3652 adnotavit,
1492 3589 1564 3652 quod
1578 3588 1660 3638 etiam

987 3655 1052 3707 God.
1071 3658 1236 3708 Hermonassa
1261 3657 1339 3712 elem.
1360 3659 1445 3710 doctr.
1465 3665 1543 3710 metr.
1562 3675 1587 3722 p.
1607 3657 1659 3708 610

986 3741 1025 3792 sq
1044 3728 1177 3780 restituit
