<?xml version="1.0" encoding="UTF-8"?>
<!DOCTYPE html PUBLIC "-//W3C//DTD XHTML 1.0 Transitional//EN"
    "http://www.w3.org/TR/xhtml1/DTD/xhtml1-transitional.dtd">
<html xmlns="http://www.w3.org/1999/xhtml" xml:lang="en" lang="en">
 <head>
  <title>
</title>
<meta http-equiv="Content-Type" content="text/html;charset=utf-8" />
  <meta name='ocr-system' content='tesseract 3.04.00' />
  <meta name='ocr-capabilities' content='ocr_page ocr_carea ocr_par ocr_line ocrx_word'/>
</head>
<body>
  <div class='ocr_page' id='page_1' title='image "./deinscriptionib00stregoog_0048.png"; bbox 0 0 3666 5544; ppageno 0'>
   <div class='ocr_carea' id='block_1_1' title="bbox 836 427 1058 489">
    <p class='ocr_par' dir='ltr' id='par_1_1' title="bbox 836 427 1058 489">
     <span class='ocr_line' id='line_1_1' title="bbox 836 427 1058 489; baseline 0.009 -19"><span class='ocrx_word' id='word_1_1' title='bbox 836 427 1058 489; x_wconf 68' lang='grc'><strong>,43-</strong></span> 
     </span>
    </p>
   </div>
   <div class='ocr_carea' id='block_1_2' title="bbox 229 589 1651 3908">
    <p class='ocr_par' dir='ltr' id='par_1_2' title="bbox 236 589 1651 1252">
     <span class='ocr_line' id='line_1_2' title="bbox 236 589 1651 678; baseline -0.006 -13"><span class='ocrx_word' id='word_1_2' title='bbox 236 597 361 664; x_wconf 87' lang='lat' dir='ltr'><strong>Punico</strong></span> <span class='ocrx_word' id='word_1_3' title='bbox 386 595 528 668; x_wconf 83' lang='lat' dir='ltr'><strong>evannit,</strong></span> <span class='ocrx_word' id='word_1_4' title='bbox 558 614 609 658; x_wconf 90' lang='lat' dir='ltr'><strong>res</strong></span> <span class='ocrx_word' id='word_1_5' title='bbox 633 601 737 660; x_wconf 90' lang='lat' dir='ltr'><strong>tamen</strong></span> <span class='ocrx_word' id='word_1_6' title='bbox 762 591 811 656; x_wconf 88' lang='lat' dir='ltr'><strong>vel</strong></span> <span class='ocrx_word' id='word_1_7' title='bbox 833 593 903 677; x_wconf 91' lang='lat' dir='ltr'><strong>ipso</strong></span> <span class='ocrx_word' id='word_1_8' title='bbox 927 591 1054 658; x_wconf 88' lang='lat' dir='ltr'><strong>saeculo</strong></span> <span class='ocrx_word' id='word_1_9' title='bbox 1078 589 1245 678; x_wconf 84' lang='lat' dir='ltr'><strong>Augusteo</strong></span> <span class='ocrx_word' id='word_1_10' title='bbox 1275 592 1307 658; x_wconf 92' lang='lat' dir='ltr'><strong>in</strong></span> <span class='ocrx_word' id='word_1_11' title='bbox 1341 612 1401 658; x_wconf 87' lang='lat' dir='ltr'><strong>usn</strong></span> <span class='ocrx_word' id='word_1_12' title='bbox 1431 591 1537 675; x_wconf 85' lang='lat' dir='ltr'><strong>erat.¹)</strong></span> <span class='ocrx_word' id='word_1_13' title='bbox 1584 589 1651 657; x_wconf 84' lang='lat' dir='ltr'><strong>Ne-</strong></span> 
     </span>
     <span class='ocr_line' id='line_1_3' title="bbox 238 706 1650 800; baseline -0.002 -22"><span class='ocrx_word' id='word_1_14' title='bbox 238 733 301 800; x_wconf 89' lang='lat' dir='ltr'><strong>que</strong></span> <span class='ocrx_word' id='word_1_15' title='bbox 323 719 429 776; x_wconf 84' lang='lat' dir='ltr'><strong>tamen</strong></span> <span class='ocrx_word' id='word_1_16' title='bbox 452 729 503 774; x_wconf 90' lang='lat' dir='ltr'><strong>me</strong></span> <span class='ocrx_word' id='word_1_17' title='bbox 527 707 626 792; x_wconf 79' lang='lat' dir='ltr'><strong>fugit,</strong></span> <span class='ocrx_word' id='word_1_18' title='bbox 651 707 783 792; x_wconf 81' lang='lat' dir='ltr'><strong>vestigia</strong></span> <span class='ocrx_word' id='word_1_19' title='bbox 807 706 962 793; x_wconf 79' lang='lat' dir='ltr'><strong>quaedam</strong></span> <span class='ocrx_word' id='word_1_20' title='bbox 985 727 1153 793; x_wconf 82' lang='lat' dir='ltr'><strong>superesse</strong></span> <span class='ocrx_word' id='word_1_21' title='bbox 1176 706 1449 774; x_wconf 87' lang='lat' dir='ltr'><strong>cantiuncularum</strong></span> <span class='ocrx_word' id='word_1_22' title='bbox 1463 707 1650 793; x_wconf 85' lang='lat' dir='ltr'><strong>puerilium,</strong></span> 
     </span>
     <span class='ocr_line' id='line_1_4' title="bbox 237 820 1651 910; baseline -0.004 -17"><span class='ocrx_word' id='word_1_23' title='bbox 237 825 460 900; x_wconf 89' lang='lat' dir='ltr'><strong>nutriciarum,</strong></span> <span class='ocrx_word' id='word_1_24' title='bbox 485 823 697 910; x_wconf 80' lang='lat' dir='ltr'><strong>magicarum,</strong></span> <span class='ocrx_word' id='word_1_25' title='bbox 731 843 812 909; x_wconf 86' lang='lat' dir='ltr'><strong>quae</strong></span> <span class='ocrx_word' id='word_1_26' title='bbox 842 821 892 888; x_wconf 89' lang='lat' dir='ltr'><strong>hic</strong></span> <span class='ocrx_word' id='word_1_27' title='bbox 920 820 1042 888; x_wconf 85' lang='lat' dir='ltr'><strong>referre</strong></span> <span class='ocrx_word' id='word_1_28' title='bbox 1070 821 1154 888; x_wconf 92' lang='lat' dir='ltr'><strong>hand</strong></span> <span class='ocrx_word' id='word_1_29' title='bbox 1177 821 1217 888; x_wconf 87' lang='lat' dir='ltr'><strong>ab</strong></span> <span class='ocrx_word' id='word_1_30' title='bbox 1248 821 1397 888; x_wconf 86' lang='lat' dir='ltr'><strong>reduxi.</strong></span> <span class='ocrx_word' id='word_1_31' title='bbox 1442 820 1484 888; x_wconf 88' lang='lat' dir='ltr'><strong>Et</strong></span> <span class='ocrx_word' id='word_1_32' title='bbox 1514 822 1651 908; x_wconf 88' lang='lat' dir='ltr'><strong>primum</strong></span> 
     </span>
     <span class='ocr_line' id='line_1_5' title="bbox 236 934 1328 1028; baseline -0.005 -20"><span class='ocrx_word' id='word_1_33' title='bbox 236 939 363 1028; x_wconf 90' lang='lat' dir='ltr'><strong>quidem</strong></span> <span class='ocrx_word' id='word_1_34' title='bbox 386 939 426 1006; x_wconf 93' lang='lat' dir='ltr'><strong>de</strong></span> <span class='ocrx_word' id='word_1_35' title='bbox 448 943 545 1004; x_wconf 78' lang='lat' dir='ltr'><strong>neniis</strong></span> <span class='ocrx_word' id='word_1_36' title='bbox 564 959 727 1021; x_wconf 75' lang='lat' dir='ltr'><strong>pecermmn</strong></span> <span class='ocrx_word' id='word_1_37' title='bbox 749 936 931 1002; x_wconf 86' lang='lat' dir='ltr'><strong>notissimus</strong></span> <span class='ocrx_word' id='word_1_38' title='bbox 955 945 1003 1002; x_wconf 89' lang='lat' dir='ltr'><strong>est</strong></span> <span class='ocrx_word' id='word_1_39' title='bbox 1025 934 1154 1004; x_wconf 81' lang='lat' dir='ltr'>Horatii</span> <span class='ocrx_word' id='word_1_40' title='bbox 1177 937 1267 1004; x_wconf 86' lang='lat' dir='ltr'><strong>locus</strong></span> <span class='ocrx_word' id='word_1_41' title='bbox 1279 937 1302 1020; x_wconf 82' lang='lat'><strong>²)</strong></span> <span class='ocrx_word' id='word_1_42' title='bbox 1320 959 1328 1002; x_wconf 73' lang='grc' dir='ltr'><strong>ε</strong></span> 
     </span>
     <span class='ocr_line' id='line_1_6' title="bbox 768 1049 1487 1138; baseline 0.006 -24"><span class='ocrx_word' id='word_1_43' title='bbox 768 1101 775 1114; x_wconf 93' lang='lat'><strong>.</strong></span> <span class='ocrx_word' id='word_1_44' title='bbox 801 1101 808 1116; x_wconf 92' lang='lat'><strong>.</strong></span> <span class='ocrx_word' id='word_1_45' title='bbox 834 1049 877 1116; x_wconf 88' lang='lat' dir='ltr'><strong>At</strong></span> <span class='ocrx_word' id='word_1_46' title='bbox 901 1052 993 1138; x_wconf 88' lang='lat' dir='ltr'><strong>pueri</strong></span> <span class='ocrx_word' id='word_1_47' title='bbox 1015 1051 1175 1126; x_wconf 87' lang='lat' dir='ltr'><strong>ludentes,</strong></span> <span class='ocrx_word' id='word_1_48' title='bbox 1201 1073 1257 1118; x_wconf 71' lang='lat' dir='ltr'><strong>rece</strong></span> <span class='ocrx_word' id='word_1_49' title='bbox 1280 1056 1357 1131; x_wconf 84' lang='lat' dir='ltr'><strong>cris,</strong></span> <span class='ocrx_word' id='word_1_50' title='bbox 1381 1052 1487 1126; x_wconf 86' lang='lat' dir='ltr'><strong>aiunt,</strong></span> 
     </span>
     <span class='ocr_line' id='line_1_7' title="bbox 499 1171 847 1252; baseline -0.003 -20"><span class='ocrx_word' id='word_1_51' title='bbox 499 1171 534 1234; x_wconf 78' lang='lat' dir='ltr'><strong>Si</strong></span> <span class='ocrx_word' id='word_1_52' title='bbox 555 1179 633 1234; x_wconf 84' lang='lat' dir='ltr'><strong>reete</strong></span> <span class='ocrx_word' id='word_1_53' title='bbox 657 1171 750 1252; x_wconf 68' lang='lat' dir='ltr'><strong>facim</strong></span> <span class='ocrx_word' id='word_1_54' title='bbox 773 1215 780 1230; x_wconf 92' lang='lat'><strong>.</strong></span> <span class='ocrx_word' id='word_1_55' title='bbox 807 1214 847 1232; x_wconf 93' lang='lat'><strong>..</strong></span> 
     </span>
    </p>

    <p class='ocr_par' dir='ltr' id='par_1_3' title="bbox 235 1281 1651 1603">
     <span class='ocr_line' id='line_1_8' title="bbox 325 1281 1650 1371; baseline -0.001 -22"><span class='ocrx_word' id='word_1_56' title='bbox 325 1281 377 1349; x_wconf 86' lang='lat' dir='ltr'><strong>Ad</strong></span> <span class='ocrx_word' id='word_1_57' title='bbox 399 1303 481 1370; x_wconf 87' lang='lat' dir='ltr'><strong>quae</strong></span> <span class='ocrx_word' id='word_1_58' title='bbox 503 1281 707 1371; x_wconf 78' lang='lat' dir='ltr'><strong>Porphyrio:</strong></span> <span class='ocrx_word' id='word_1_59' title='bbox 734 1281 854 1368; x_wconf 81' lang='lat' dir='ltr'><strong>„pueri</strong></span> <span class='ocrx_word' id='word_1_60' title='bbox 876 1281 950 1348; x_wconf 89' lang='lat' dir='ltr'><strong>lusu</strong></span> <span class='ocrx_word' id='word_1_61' title='bbox 973 1293 1100 1348; x_wconf 86' lang='lat' dir='ltr'><strong>cantare</strong></span> <span class='ocrx_word' id='word_1_62' title='bbox 1123 1283 1245 1348; x_wconf 78' lang='lat' dir='ltr'><strong>solent:</strong></span> <span class='ocrx_word' id='word_1_63' title='bbox 1269 1304 1325 1348; x_wconf 81' lang='lat' dir='ltr'><strong>rec</strong></span> <span class='ocrx_word' id='word_1_64' title='bbox 1340 1287 1397 1348; x_wconf 83' lang='lat' dir='ltr'><strong>erit</strong></span> <span class='ocrx_word' id='word_1_65' title='bbox 1422 1287 1474 1366; x_wconf 80' lang='lat' dir='ltr'><strong>poi</strong></span> <span class='ocrx_word' id='word_1_66' title='bbox 1497 1294 1573 1348; x_wconf 84' lang='lat' dir='ltr'><strong>recte</strong></span> <span class='ocrx_word' id='word_1_67' title='bbox 1590 1287 1650 1366; x_wconf 79' lang='lat' dir='ltr'><strong>so-</strong></span> 
     </span>
     <span class='ocr_line' id='line_1_9' title="bbox 236 1394 1651 1485; baseline -0.004 -18"><span class='ocrx_word' id='word_1_68' title='bbox 236 1406 310 1476; x_wconf 75' lang='lat' dir='ltr'><strong>ciet5</strong></span> <span class='ocrx_word' id='word_1_69' title='bbox 334 1403 386 1485; x_wconf 83' lang='lat' dir='ltr'><strong>poi</strong></span> <span class='ocrx_word' id='word_1_70' title='bbox 407 1401 595 1481; x_wconf 73' lang='lat' dir='ltr'><strong>consociet,</strong></span> <span class='ocrx_word' id='word_1_71' title='bbox 618 1419 678 1464; x_wconf 80' lang='lat' dir='ltr'><strong>nee</strong></span> <span class='ocrx_word' id='word_1_72' title='bbox 700 1401 786 1464; x_wconf 58' lang='lat' dir='ltr'><strong>erit«</strong></span> <span class='ocrx_word' id='word_1_73' title='bbox 835 1395 940 1478; x_wconf 83' lang='lat' dir='ltr'><strong>Quem</strong></span> <span class='ocrx_word' id='word_1_74' title='bbox 962 1397 1073 1464; x_wconf 89' lang='lat' dir='ltr'><strong>ludum</strong></span> <span class='ocrx_word' id='word_1_75' title='bbox 1097 1395 1160 1462; x_wconf 85' lang='lat' dir='ltr'><strong>Dio</strong></span> <span class='ocrx_word' id='word_1_76' title='bbox 1184 1418 1313 1484; x_wconf 86' lang='lat' dir='ltr'><strong>qnoque</strong></span> <span class='ocrx_word' id='word_1_77' title='bbox 1330 1394 1577 1484; x_wconf 78' lang='lat' dir='ltr'><strong>Chrysostomus</strong></span> <span class='ocrx_word' id='word_1_78' title='bbox 1599 1418 1651 1463; x_wconf 88' lang='lat' dir='ltr'><strong>re-</strong></span> 
     </span>
     <span class='ocr_line' id='line_1_10' title="bbox 235 1509 1170 1603; baseline -0.009 -22"><span class='ocrx_word' id='word_1_79' title='bbox 235 1515 339 1603; x_wconf 82' lang='lat' dir='ltr'><strong>spexit</strong></span> <span class='ocrx_word' id='word_1_80' title='bbox 361 1515 432 1579; x_wconf 91' lang='lat' dir='ltr'><strong>loeo</strong></span> <span class='ocrx_word' id='word_1_81' title='bbox 456 1512 495 1578; x_wconf 90' lang='lat' dir='ltr'><strong>ab</strong></span> <span class='ocrx_word' id='word_1_82' title='bbox 519 1513 641 1580; x_wconf 87' lang='lat' dir='ltr'><strong>Orellio</strong></span> <span class='ocrx_word' id='word_1_83' title='bbox 664 1512 767 1577; x_wconf 89' lang='lat' dir='ltr'><strong>allato.</strong></span> <span class='ocrx_word' id='word_1_84' title='bbox 1168 1509 1170 1514; x_wconf 77' lang='grc'>’</span> 
     </span>
    </p>

    <p class='ocr_par' dir='ltr' id='par_1_4' title="bbox 322 1625 996 1709">
     <span class='ocr_line' id='line_1_11' title="bbox 322 1625 996 1709; baseline -0.003 -15"><span class='ocrx_word' id='word_1_85' title='bbox 322 1628 374 1695; x_wconf 83' lang='lat' dir='ltr'><strong>Ad</strong></span> <span class='ocrx_word' id='word_1_86' title='bbox 398 1627 493 1694; x_wconf 92' lang='lat' dir='ltr'><strong>alium</strong></span> <span class='ocrx_word' id='word_1_87' title='bbox 517 1627 659 1693; x_wconf 89' lang='lat' dir='ltr'><strong>eiusdem</strong></span> <span class='ocrx_word' id='word_1_88' title='bbox 682 1625 810 1692; x_wconf 81' lang='lat' dir='ltr'><strong>Horatii</strong></span> <span class='ocrx_word' id='word_1_89' title='bbox 833 1629 938 1694; x_wconf 90' lang='lat' dir='ltr'><strong>locum</strong></span> <span class='ocrx_word' id='word_1_90' title='bbox 952 1629 996 1709; x_wconf 80' lang='lat'><strong>³):</strong></span> 
     </span>
    </p>

    <p class='ocr_par' dir='ltr' id='par_1_5' title="bbox 480 1746 1382 1838">
     <span class='ocr_line' id='line_1_12' title="bbox 480 1746 1382 1838; baseline -0.001 -29"><span class='ocrx_word' id='word_1_91' title='bbox 480 1746 795 1826; x_wconf 78' lang='lat' dir='ltr'><strong>Occepet&#39;ectremum</strong></span> <span class='ocrx_word' id='word_1_92' title='bbox 816 1747 949 1838; x_wconf 63' lang='lat' dir='ltr'><strong>scobes,</strong></span> <span class='ocrx_word' id='word_1_93' title='bbox 981 1748 1056 1810; x_wconf 76' lang='lat' dir='ltr'><strong>milti</strong></span> <span class='ocrx_word' id='word_1_94' title='bbox 1079 1755 1163 1827; x_wconf 83' lang='lat' dir='ltr'><strong>turpe</strong></span> <span class='ocrx_word' id='word_1_95' title='bbox 1185 1747 1313 1828; x_wconf 77' lang='lat' dir='ltr'><strong>relinqui</strong></span> <span class='ocrx_word' id='word_1_96' title='bbox 1338 1756 1382 1809; x_wconf 84' lang='lat' dir='ltr'><strong>est</strong></span> 
     </span>
    </p>

    <p class='ocr_par' dir='ltr' id='par_1_6' title="bbox 232 1855 1651 2754">
     <span class='ocr_line' id='line_1_13' title="bbox 322 1855 1650 1944; baseline -0.002 -20"><span class='ocrx_word' id='word_1_97' title='bbox 322 1857 410 1924; x_wconf 84' lang='lat' dir='ltr'><strong>Acro</strong></span> <span class='ocrx_word' id='word_1_98' title='bbox 433 1858 510 1924; x_wconf 89' lang='lat' dir='ltr'><strong>haec</strong></span> <span class='ocrx_word' id='word_1_99' title='bbox 531 1857 707 1924; x_wconf 74' lang='lat' dir='ltr'><strong>adnotavit:</strong></span> <span class='ocrx_word' id='word_1_100' title='bbox 745 1855 1012 1944; x_wconf 77' lang='lat' dir='ltr'><strong>„llletaphoricos</strong></span> <span class='ocrx_word' id='word_1_101' title='bbox 1045 1869 1151 1924; x_wconf 86' lang='lat' dir='ltr'><strong>autem</strong></span> <span class='ocrx_word' id='word_1_102' title='bbox 1174 1858 1299 1926; x_wconf 88' lang='lat' dir='ltr'><strong>loeutus</strong></span> <span class='ocrx_word' id='word_1_103' title='bbox 1322 1869 1371 1926; x_wconf 88' lang='lat' dir='ltr'><strong>est</strong></span> <span class='ocrx_word' id='word_1_104' title='bbox 1392 1881 1412 1924; x_wconf 92' lang='lat' dir='ltr'><strong>a</strong></span> <span class='ocrx_word' id='word_1_105' title='bbox 1433 1857 1510 1926; x_wconf 91' lang='lat' dir='ltr'><strong>ludo</strong></span> <span class='ocrx_word' id='word_1_106' title='bbox 1532 1877 1650 1944; x_wconf 89' lang='lat' dir='ltr'><strong>puero·</strong></span> 
     </span>
     <span class='ocr_line' id='line_1_14' title="bbox 237 1972 1649 2059; baseline -0.001 -19"><span class='ocrx_word' id='word_1_107' title='bbox 237 1995 321 2040; x_wconf 88' lang='lat' dir='ltr'><strong>rum.</strong></span> <span class='ocrx_word' id='word_1_108' title='bbox 366 1973 415 2040; x_wconf 89' lang='lat' dir='ltr'><strong>lta</strong></span> <span class='ocrx_word' id='word_1_109' title='bbox 438 1973 523 2040; x_wconf 89' lang='lat' dir='ltr'><strong>enim</strong></span> <span class='ocrx_word' id='word_1_110' title='bbox 545 1972 638 2059; x_wconf 91' lang='lat' dir='ltr'><strong>pueri</strong></span> <span class='ocrx_word' id='word_1_111' title='bbox 660 1983 825 2038; x_wconf 88' lang='lat' dir='ltr'><strong>currentes</strong></span> <span class='ocrx_word' id='word_1_112' title='bbox 848 1973 954 2040; x_wconf 90' lang='lat' dir='ltr'><strong>aiunt:</strong></span> <span class='ocrx_word' id='word_1_113' title='bbox 979 1987 1097 2058; x_wconf 83' lang='lat' dir='ltr'><strong>occupet</strong></span> <span class='ocrx_word' id='word_1_114' title='bbox 1121 1979 1235 2040; x_wconf 79' lang='lat' dir='ltr'><strong>scabies</strong></span> <span class='ocrx_word' id='word_1_115' title='bbox 1249 1980 1282 2040; x_wconf 81' lang='lat' dir='ltr'><strong>in</strong></span> <span class='ocrx_word' id='word_1_116' title='bbox 1297 1987 1428 2040; x_wconf 74' lang='lat' dir='ltr'><strong>ostreno</strong></span> <span class='ocrx_word' id='word_1_117' title='bbox 1442 1985 1649 2041; x_wconf 74' lang='lat' dir='ltr'><strong>rmuemtem.</strong></span> 
     </span>
     <span class='ocr_line' id='line_1_15' title="bbox 236 2086 1651 2176; baseline -0.001 -21"><span class='ocrx_word' id='word_1_118' title='bbox 236 2086 367 2155; x_wconf 85' lang='lat' dir='ltr'><strong>Scabies</strong></span> <span class='ocrx_word' id='word_1_119' title='bbox 390 2089 482 2154; x_wconf 91' lang='lat' dir='ltr'><strong>ludus</strong></span> <span class='ocrx_word' id='word_1_120' title='bbox 505 2108 681 2174; x_wconf 86' lang='lat' dir='ltr'><strong>puerorum</strong></span> <span class='ocrx_word' id='word_1_121' title='bbox 705 2097 771 2165; x_wconf 88' lang='lat' dir='ltr'><strong>est,</strong></span> <span class='ocrx_word' id='word_1_122' title='bbox 800 2099 836 2154; x_wconf 96' lang='lat' dir='ltr'><strong>ut</strong></span> <span class='ocrx_word' id='word_1_123' title='bbox 858 2088 955 2155; x_wconf 89' lang='lat' dir='ltr'><strong>hahes</strong></span> <span class='ocrx_word' id='word_1_124' title='bbox 978 2089 1011 2154; x_wconf 92' lang='lat' dir='ltr'><strong>in</strong></span> <span class='ocrx_word' id='word_1_125' title='bbox 1035 2087 1193 2156; x_wconf 89' lang='lat' dir='ltr'><strong>Suetonio</strong></span> <span class='ocrx_word' id='word_1_126' title='bbox 1217 2086 1434 2176; x_wconf 76' lang='lat' dir='ltr'><strong>Tranquil10.“</strong></span> <span class='ocrx_word' id='word_1_127' title='bbox 1483 2089 1574 2170; x_wconf 86' lang='lat' dir='ltr'><strong>Quae</strong></span> <span class='ocrx_word' id='word_1_128' title='bbox 1596 2108 1651 2154; x_wconf 85' lang='lat' dir='ltr'><strong>ve-</strong></span> 
     </span>
     <span class='ocr_line' id='line_1_16' title="bbox 234 2202 1651 2292; baseline -0.001 -22"><span class='ocrx_word' id='word_1_129' title='bbox 234 2205 301 2270; x_wconf 92' lang='lat' dir='ltr'><strong>rius</strong></span> <span class='ocrx_word' id='word_1_130' title='bbox 324 2203 405 2270; x_wconf 90' lang='lat' dir='ltr'><strong>dicta</strong></span> <span class='ocrx_word' id='word_1_131' title='bbox 427 2204 596 2280; x_wconf 84' lang='lat' dir='ltr'><strong>videntur,</strong></span> <span class='ocrx_word' id='word_1_132' title='bbox 620 2225 714 2290; x_wconf 87' lang='lat' dir='ltr'><strong>quam</strong></span> <span class='ocrx_word' id='word_1_133' title='bbox 738 2203 825 2291; x_wconf 92' lang='lat' dir='ltr'><strong>quod</strong></span> <span class='ocrx_word' id='word_1_134' title='bbox 848 2215 895 2270; x_wconf 88' lang='lat' dir='ltr'><strong>est</strong></span> <span class='ocrx_word' id='word_1_135' title='bbox 917 2205 950 2270; x_wconf 92' lang='lat' dir='ltr'><strong>in</strong></span> <span class='ocrx_word' id='word_1_136' title='bbox 975 2202 1109 2292; x_wconf 88' lang='lat' dir='ltr'><strong>Cruquii</strong></span> <span class='ocrx_word' id='word_1_137' title='bbox 1132 2205 1258 2270; x_wconf 85' lang='lat' dir='ltr'><strong>scholiis</strong></span> <span class='ocrx_word' id='word_1_138' title='bbox 1283 2205 1357 2288; x_wconf 84' lang='lat' dir='ltr'><strong>(non</strong></span> <span class='ocrx_word' id='word_1_139' title='bbox 1388 2203 1459 2270; x_wconf 91' lang='lat' dir='ltr'><strong>dico</strong></span> <span class='ocrx_word' id='word_1_140' title='bbox 1489 2224 1651 2270; x_wconf 86' lang='lat' dir='ltr'><strong>comman-</strong></span> 
     </span>
     <span class='ocr_line' id='line_1_17' title="bbox 236 2317 1651 2406; baseline 0.001 -23"><span class='ocrx_word' id='word_1_141' title='bbox 236 2327 356 2395; x_wconf 90' lang='lat' dir='ltr'><strong>tatore,</strong></span> <span class='ocrx_word' id='word_1_142' title='bbox 387 2320 505 2406; x_wconf 91' lang='lat' dir='ltr'><strong>quippe</strong></span> <span class='ocrx_word' id='word_1_143' title='bbox 530 2319 584 2406; x_wconf 88' lang='lat' dir='ltr'><strong>qui</strong></span> <span class='ocrx_word' id='word_1_144' title='bbox 608 2341 626 2384; x_wconf 91' lang='lat' dir='ltr'><strong>a</strong></span> <span class='ocrx_word' id='word_1_145' title='bbox 651 2317 794 2406; x_wconf 87' lang='lat' dir='ltr'><strong>Cruquio</strong></span> <span class='ocrx_word' id='word_1_146' title='bbox 824 2321 1062 2388; x_wconf 83' lang='lat' dir='ltr'><strong>consarcinatus</strong></span> <span class='ocrx_word' id='word_1_147' title='bbox 1086 2321 1190 2386; x_wconf 89' lang='lat' dir='ltr'><strong>nullus</strong></span> <span class='ocrx_word' id='word_1_148' title='bbox 1215 2327 1262 2386; x_wconf 90' lang='lat' dir='ltr'><strong>est</strong></span> <span class='ocrx_word' id='word_1_149' title='bbox 1284 2318 1432 2406; x_wconf 90' lang='lat' dir='ltr'><strong>antiquus</strong></span> <span class='ocrx_word' id='word_1_150' title='bbox 1456 2329 1651 2385; x_wconf 89' lang='lat' dir='ltr'><strong>commenta-</strong></span> 
     </span>
     <span class='ocr_line' id='line_1_18' title="bbox 235 2431 1651 2522; baseline -0.001 -21"><span class='ocrx_word' id='word_1_151' title='bbox 235 2431 320 2520; x_wconf 89' lang='lat' dir='ltr'><strong>tor):</strong></span> <span class='ocrx_word' id='word_1_152' title='bbox 346 2434 441 2517; x_wconf 83' lang='lat' dir='ltr'><strong>,Qui</strong></span> <span class='ocrx_word' id='word_1_153' title='bbox 463 2434 547 2500; x_wconf 92' lang='lat' dir='ltr'><strong>enim</strong></span> <span class='ocrx_word' id='word_1_154' title='bbox 570 2445 695 2521; x_wconf 85' lang='lat' dir='ltr'><strong>praeest</strong></span> <span class='ocrx_word' id='word_1_155' title='bbox 719 2434 920 2500; x_wconf 89' lang='lat' dir='ltr'><strong>currentibus</strong></span> <span class='ocrx_word' id='word_1_156' title='bbox 943 2434 983 2500; x_wconf 89' lang='lat' dir='ltr'><strong>ad</strong></span> <span class='ocrx_word' id='word_1_157' title='bbox 1007 2444 1122 2502; x_wconf 89' lang='lat' dir='ltr'><strong>metam</strong></span> <span class='ocrx_word' id='word_1_158' title='bbox 1137 2435 1245 2522; x_wconf 93' lang='lat' dir='ltr'><strong>pueris</strong></span> <span class='ocrx_word' id='word_1_159' title='bbox 1262 2434 1368 2502; x_wconf 87' lang='lat' dir='ltr'><strong>dicere</strong></span> <span class='ocrx_word' id='word_1_160' title='bbox 1381 2435 1491 2500; x_wconf 87' lang='lat' dir='ltr'><strong>solet:</strong></span> <span class='ocrx_word' id='word_1_161' title='bbox 1514 2435 1570 2522; x_wconf 92' lang='lat' dir='ltr'><strong>qui</strong></span> <span class='ocrx_word' id='word_1_162' title='bbox 1585 2434 1651 2520; x_wconf 87' lang='lat' dir='ltr'><strong>pri·</strong></span> 
     </span>
     <span class='ocr_line' id='line_1_19' title="bbox 232 2549 1648 2638; baseline -0.002 -20"><span class='ocrx_word' id='word_1_163' title='bbox 232 2571 303 2618; x_wconf 90' lang='lat' dir='ltr'><strong>mus</strong></span> <span class='ocrx_word' id='word_1_164' title='bbox 326 2550 366 2618; x_wconf 89' lang='lat' dir='ltr'><strong>ad</strong></span> <span class='ocrx_word' id='word_1_165' title='bbox 388 2560 503 2616; x_wconf 87' lang='lat' dir='ltr'><strong>metam</strong></span> <span class='ocrx_word' id='word_1_166' title='bbox 526 2550 667 2624; x_wconf 85' lang='lat' dir='ltr'><strong>venerit,</strong></span> <span class='ocrx_word' id='word_1_167' title='bbox 690 2549 717 2614; x_wconf 92' lang='lat' dir='ltr'><strong>is</strong></span> <span class='ocrx_word' id='word_1_168' title='bbox 742 2550 855 2616; x_wconf 89' lang='lat' dir='ltr'><strong>vicerit</strong></span> <span class='ocrx_word' id='word_1_169' title='bbox 878 2571 1015 2638; x_wconf 86' lang='lat' dir='ltr'><strong>eumque</strong></span> <span class='ocrx_word' id='word_1_170' title='bbox 1037 2551 1070 2616; x_wconf 93' lang='lat' dir='ltr'><strong>in</strong></span> <span class='ocrx_word' id='word_1_171' title='bbox 1094 2551 1184 2616; x_wconf 91' lang='lat' dir='ltr'><strong>ulnas</strong></span> <span class='ocrx_word' id='word_1_172' title='bbox 1200 2571 1285 2616; x_wconf 89' lang='lat' dir='ltr'><strong>meas</strong></span> <span class='ocrx_word' id='word_1_173' title='bbox 1302 2550 1473 2636; x_wconf 87' lang='lat' dir='ltr'><strong>accipiam,</strong></span> <span class='ocrx_word' id='word_1_174' title='bbox 1498 2550 1554 2636; x_wconf 87' lang='lat' dir='ltr'><strong>qui</strong></span> <span class='ocrx_word' id='word_1_175' title='bbox 1569 2570 1648 2616; x_wconf 87' lang='lat' dir='ltr'><strong>vero</strong></span> 
     </span>
     <span class='ocr_line' id='line_1_20' title="bbox 234 2665 1452 2754; baseline -0.001 -22"><span class='ocrx_word' id='word_1_176' title='bbox 234 2666 294 2732; x_wconf 88' lang='lat' dir='ltr'><strong>erit</strong></span> <span class='ocrx_word' id='word_1_177' title='bbox 316 2666 468 2740; x_wconf 91' lang='lat' dir='ltr'><strong>ultimus,</strong></span> <span class='ocrx_word' id='word_1_178' title='bbox 492 2673 630 2750; x_wconf 89' lang='lat' dir='ltr'><strong>occupet</strong></span> <span class='ocrx_word' id='word_1_179' title='bbox 653 2685 725 2730; x_wconf 90' lang='lat' dir='ltr'><strong>eum</strong></span> <span class='ocrx_word' id='word_1_180' title='bbox 749 2665 892 2742; x_wconf 88' lang='lat' dir='ltr'><strong>scabies,</strong></span> <span class='ocrx_word' id='word_1_181' title='bbox 917 2688 990 2732; x_wconf 88' lang='lat' dir='ltr'><strong>eum</strong></span> <span class='ocrx_word' id='word_1_182' title='bbox 1013 2687 1161 2754; x_wconf 90' lang='lat' dir='ltr'><strong>respuam</strong></span> <span class='ocrx_word' id='word_1_183' title='bbox 1184 2675 1220 2732; x_wconf 89' lang='lat' dir='ltr'><strong>ut</strong></span> <span class='ocrx_word' id='word_1_184' title='bbox 1243 2665 1452 2732; x_wconf 72' lang='lat' dir='ltr'><strong>scabiosum«</strong></span> 
     </span>
    </p>

    <p class='ocr_par' dir='ltr' id='par_1_7' title="bbox 230 2779 1649 3560">
     <span class='ocr_line' id='line_1_21' title="bbox 319 2779 1649 2868; baseline 0 -22"><span class='ocrx_word' id='word_1_185' title='bbox 319 2779 510 2868; x_wconf 81' lang='lat' dir='ltr'><strong>Exemplum</strong></span> <span class='ocrx_word' id='word_1_186' title='bbox 534 2783 643 2846; x_wconf 79' lang='lat' dir='ltr'><strong>lenium</strong></span> <span class='ocrx_word' id='word_1_187' title='bbox 661 2785 814 2848; x_wconf 79' lang='lat' dir='ltr'><strong>nutricum</strong></span> <span class='ocrx_word' id='word_1_188' title='bbox 831 2786 1004 2863; x_wconf 72' lang='lat' dir='ltr'><strong>moturum,</strong></span> <span class='ocrx_word' id='word_1_189' title='bbox 1033 2790 1070 2847; x_wconf 93' lang='lat' dir='ltr'><strong>ut</strong></span> <span class='ocrx_word' id='word_1_190' title='bbox 1091 2783 1135 2848; x_wconf 87' lang='lat' dir='ltr'><strong>ait</strong></span> <span class='ocrx_word' id='word_1_191' title='bbox 1158 2780 1342 2861; x_wconf 82' lang='lat' dir='ltr'><strong>Arnohius‚</strong></span> <span class='ocrx_word' id='word_1_192' title='bbox 1373 2789 1541 2848; x_wconf 80' lang='lat' dir='ltr'><strong>servarunt</strong></span> <span class='ocrx_word' id='word_1_193' title='bbox 1564 2780 1649 2866; x_wconf 81' lang='lat' dir='ltr'><strong>glos·</strong></span> 
     </span>
     <span class='ocr_line' id='line_1_22' title="bbox 232 2894 1649 2980; baseline 0 -20"><span class='ocrx_word' id='word_1_194' title='bbox 232 2915 285 2960; x_wconf 89' lang='lat' dir='ltr'><strong>sae</strong></span> <span class='ocrx_word' id='word_1_195' title='bbox 308 2907 430 2974; x_wconf 86' lang='lat' dir='ltr'><strong>veteres</strong></span> <span class='ocrx_word' id='word_1_196' title='bbox 453 2897 487 2962; x_wconf 94' lang='lat' dir='ltr'><strong>in</strong></span> <span class='ocrx_word' id='word_1_197' title='bbox 510 2895 706 2980; x_wconf 76' lang='lat' dir='ltr'><strong>Persiumtt:</strong></span> <span class='ocrx_word' id='word_1_198' title='bbox 743 2894 916 2976; x_wconf 75' lang='lat' dir='ltr'><strong>„Nutrices</strong></span> <span class='ocrx_word' id='word_1_199' title='bbox 939 2895 1133 2974; x_wconf 85' lang='lat' dir='ltr'><strong>infantibus,</strong></span> <span class='ocrx_word' id='word_1_200' title='bbox 1158 2907 1194 2963; x_wconf 89' lang='lat' dir='ltr'><strong>ut</strong></span> <span class='ocrx_word' id='word_1_201' title='bbox 1218 2896 1393 2976; x_wconf 85' lang='lat' dir='ltr'><strong>dormiant,</strong></span> <span class='ocrx_word' id='word_1_202' title='bbox 1417 2897 1520 2962; x_wconf 89' lang='lat' dir='ltr'><strong>solent</strong></span> <span class='ocrx_word' id='word_1_203' title='bbox 1543 2894 1649 2962; x_wconf 89' lang='lat' dir='ltr'><strong>dicere</strong></span> 
     </span>
     <span class='ocr_line' id='line_1_23' title="bbox 231 3009 1648 3097; baseline 0.003 -23"><span class='ocrx_word' id='word_1_204' title='bbox 231 3031 344 3097; x_wconf 89' lang='lat' dir='ltr'><strong>saepe:</strong></span> <span class='ocrx_word' id='word_1_205' title='bbox 368 3017 453 3087; x_wconf 84' lang='lat' dir='ltr'><strong>lullo,</strong></span> <span class='ocrx_word' id='word_1_206' title='bbox 479 3018 565 3087; x_wconf 87' lang='lat' dir='ltr'><strong>tollo,</strong></span> <span class='ocrx_word' id='word_1_207' title='bbox 590 3017 678 3087; x_wconf 86' lang='lat' dir='ltr'><strong>lullo,</strong></span> <span class='ocrx_word' id='word_1_208' title='bbox 699 3025 753 3078; x_wconf 81' lang='lat' dir='ltr'><strong>out</strong></span> <span class='ocrx_word' id='word_1_209' title='bbox 774 3016 871 3078; x_wconf 80' lang='lat' dir='ltr'><strong>dormi</strong></span> <span class='ocrx_word' id='word_1_210' title='bbox 894 3024 947 3078; x_wconf 81' lang='lat' dir='ltr'><strong>out</strong></span> <span class='ocrx_word' id='word_1_211' title='bbox 970 3014 1074 3078; x_wconf 67' lang='lat' dir='ltr'><strong>lactc«</strong></span> <span class='ocrx_word' id='word_1_212' title='bbox 1121 3009 1183 3079; x_wconf 89' lang='lat' dir='ltr'><strong>Cui</strong></span> <span class='ocrx_word' id='word_1_213' title='bbox 1212 3012 1386 3078; x_wconf 87' lang='lat' dir='ltr'><strong>cautilenae</strong></span> <span class='ocrx_word' id='word_1_214' title='bbox 1415 3020 1542 3078; x_wconf 87' lang='lat' dir='ltr'><strong>sanctus</strong></span> <span class='ocrx_word' id='word_1_215' title='bbox 1567 3009 1648 3078; x_wconf 91' lang='lat' dir='ltr'><strong>Hie-</strong></span> 
     </span>
     <span class='ocr_line' id='line_1_24' title="bbox 231 3125 1649 3214; baseline 0.001 -24"><span class='ocrx_word' id='word_1_216' title='bbox 231 3146 384 3214; x_wconf 83' lang='lat' dir='ltr'><strong>ronymus</strong></span> <span class='ocrx_word' id='word_1_217' title='bbox 408 3126 548 3192; x_wconf 90' lang='lat' dir='ltr'><strong>alludere</strong></span> <span class='ocrx_word' id='word_1_218' title='bbox 570 3128 697 3194; x_wconf 89' lang='lat' dir='ltr'><strong>videtur</strong></span> <span class='ocrx_word' id='word_1_219' title='bbox 719 3127 766 3194; x_wconf 90' lang='lat' dir='ltr'><strong>his</strong></span> <span class='ocrx_word' id='word_1_220' title='bbox 790 3126 916 3194; x_wconf 88' lang='lat' dir='ltr'><strong>verbis:</strong></span> <span class='ocrx_word' id='word_1_221' title='bbox 944 3125 1121 3208; x_wconf 77' lang='lat' dir='ltr'><strong>„Forsitan</strong></span> <span class='ocrx_word' id='word_1_222' title='bbox 1138 3136 1169 3193; x_wconf 91' lang='lat' dir='ltr'><strong>et</strong></span> <span class='ocrx_word' id='word_1_223' title='bbox 1185 3127 1264 3194; x_wconf 85' lang='lat' dir='ltr'><strong>laxis</strong></span> <span class='ocrx_word' id='word_1_224' title='bbox 1280 3126 1416 3192; x_wconf 92' lang='lat' dir='ltr'><strong>uberum</strong></span> <span class='ocrx_word' id='word_1_225' title='bbox 1431 3125 1567 3214; x_wconf 87' lang='lat' dir='ltr'><strong>pellibus</strong></span> <span class='ocrx_word' id='word_1_226' title='bbox 1583 3145 1649 3192; x_wconf 88' lang='lat' dir='ltr'><strong>ma-</strong></span> 
     </span>
     <span class='ocr_line' id='line_1_25' title="bbox 233 3235 1646 3336; baseline 0 -30"><span class='ocrx_word' id='word_1_227' title='bbox 233 3251 303 3316; x_wconf 90' lang='lat' dir='ltr'><strong>ter,</strong></span> <span class='ocrx_word' id='word_1_228' title='bbox 339 3249 427 3336; x_wconf 88' lang='lat' dir='ltr'><strong>arata</strong></span> <span class='ocrx_word' id='word_1_229' title='bbox 448 3244 536 3329; x_wconf 79' lang='lat' dir='ltr'><strong>rugis</strong></span> <span class='ocrx_word' id='word_1_230' title='bbox 559 3241 681 3318; x_wconf 88' lang='lat' dir='ltr'><strong>fronte,</strong></span> <span class='ocrx_word' id='word_1_231' title='bbox 716 3235 881 3330; x_wconf 87' lang='lat' dir='ltr'><strong>antiquum</strong></span> <span class='ocrx_word' id='word_1_232' title='bbox 905 3242 1047 3310; x_wconf 84' lang='lat' dir='ltr'><strong>referens</strong></span> <span class='ocrx_word' id='word_1_233' title='bbox 1070 3263 1224 3308; x_wconf 85' lang='lat' dir='ltr'><strong>mammae</strong></span> <span class='ocrx_word' id='word_1_234' title='bbox 1247 3243 1355 3308; x_wconf 86' lang='lat' dir='ltr'><strong>lallare</strong></span> <span class='ocrx_word' id='word_1_235' title='bbox 1378 3241 1611 3329; x_wconf 63' lang='lat' dir='ltr'><strong>congeminet«</strong></span> <span class='ocrx_word' id='word_1_236' title='bbox 1622 3241 1646 3325; x_wconf 82' lang='lat'><strong>⁵)</strong></span> 
     </span>
     <span class='ocr_line' id='line_1_26' title="bbox 230 3353 1647 3446; baseline -0.001 -22"><span class='ocrx_word' id='word_1_237' title='bbox 230 3353 331 3424; x_wconf 84' lang='lat' dir='ltr'><strong>Recte</strong></span> <span class='ocrx_word' id='word_1_238' title='bbox 355 3356 616 3441; x_wconf 69' lang='lat' dir='ltr'><strong>Gasauhonnsll:</strong></span> <span class='ocrx_word' id='word_1_239' title='bbox 649 3401 666 3440; x_wconf 83' lang='lat'>„</span> <span class='ocrx_word' id='word_1_240' title='bbox 679 3359 810 3446; x_wconf 89' lang='lat' dir='ltr'><strong>proprie</strong></span> <span class='ocrx_word' id='word_1_241' title='bbox 831 3359 939 3427; x_wconf 89' lang='lat' dir='ltr'><strong>lallare</strong></span> <span class='ocrx_word' id='word_1_242' title='bbox 962 3358 1071 3424; x_wconf 85' lang='lat' dir='ltr'><strong>nutrix</strong></span> <span class='ocrx_word' id='word_1_243' title='bbox 1094 3358 1231 3434; x_wconf 91' lang='lat' dir='ltr'><strong>dicitur,</strong></span> <span class='ocrx_word' id='word_1_244' title='bbox 1267 3380 1349 3446; x_wconf 89' lang='lat' dir='ltr'><strong>quae</strong></span> <span class='ocrx_word' id='word_1_245' title='bbox 1379 3359 1504 3424; x_wconf 90' lang='lat' dir='ltr'><strong>neniam</strong></span> <span class='ocrx_word' id='word_1_246' title='bbox 1533 3378 1647 3424; x_wconf 88' lang='lat' dir='ltr'><strong>canens</strong></span> 
     </span>
     <span class='ocr_line' id='line_1_27' title="bbox 230 3472 1474 3560; baseline 0.005 -20"><span class='ocrx_word' id='word_1_247' title='bbox 230 3493 366 3560; x_wconf 91' lang='lat' dir='ltr'><strong>puerum</strong></span> <span class='ocrx_word' id='word_1_248' title='bbox 389 3472 568 3554; x_wconf 86' lang='lat' dir='ltr'><strong>demulcet,</strong></span> <span class='ocrx_word' id='word_1_249' title='bbox 591 3485 628 3540; x_wconf 93' lang='lat' dir='ltr'><strong>ut</strong></span> <span class='ocrx_word' id='word_1_250' title='bbox 650 3495 796 3541; x_wconf 92' lang='lat' dir='ltr'><strong>somnum</strong></span> <span class='ocrx_word' id='word_1_251' title='bbox 820 3474 850 3540; x_wconf 92' lang='lat' dir='ltr'><strong>ei</strong></span> <span class='ocrx_word' id='word_1_252' title='bbox 872 3473 1050 3540; x_wconf 80' lang='lat' dir='ltr'><strong>conciliet.“</strong></span> <span class='ocrx_word' id='word_1_253' title='bbox 1472 3541 1474 3546; x_wconf 82' lang='grc'><strong>,</strong></span> 
     </span>
    </p>

    <p class='ocr_par' dir='ltr' id='par_1_8' title="bbox 229 3585 1647 3908">
     <span class='ocr_line' id='line_1_28' title="bbox 321 3585 1647 3669; baseline -0.001 -15"><span class='ocrx_word' id='word_1_254' title='bbox 321 3587 417 3669; x_wconf 81' lang='lat' dir='ltr'><strong>Quod</strong></span> <span class='ocrx_word' id='word_1_255' title='bbox 439 3592 557 3654; x_wconf 81' lang='lat' dir='ltr'><strong>Schelle</strong></span> <span class='ocrx_word' id='word_1_256' title='bbox 589 3593 725 3655; x_wconf 79' lang='lat' dir='ltr'><strong>carmine</strong></span> <span class='ocrx_word' id='word_1_257' title='bbox 748 3599 779 3654; x_wconf 89' lang='lat' dir='ltr'><strong>et</strong></span> <span class='ocrx_word' id='word_1_258' title='bbox 802 3595 925 3657; x_wconf 84' lang='lat' dir='ltr'><strong>Marsos</strong></span> <span class='ocrx_word' id='word_1_259' title='bbox 954 3593 1062 3654; x_wconf 62' lang='lat' dir='ltr'><strong>&#39;moins</strong></span> <span class='ocrx_word' id='word_1_260' title='bbox 1095 3589 1206 3654; x_wconf 89' lang='lat' dir='ltr'><strong>attinet</strong></span> <span class='ocrx_word' id='word_1_261' title='bbox 1239 3586 1278 3654; x_wconf 92' lang='lat' dir='ltr'><strong>ab</strong></span> <span class='ocrx_word' id='word_1_262' title='bbox 1301 3585 1440 3655; x_wconf 88' lang='lat' dir='ltr'><strong>Horatio</strong></span> <span class='ocrx_word' id='word_1_263' title='bbox 1474 3597 1507 3654; x_wconf 90' lang='lat' dir='ltr'><strong>et</strong></span> <span class='ocrx_word' id='word_1_264' title='bbox 1529 3586 1647 3655; x_wconf 86' lang='lat' dir='ltr'><strong>Ovidio</strong></span> 
     </span>
     <span class='ocr_line' id='line_1_29' title="bbox 232 3701 1645 3793; baseline 0 -25"><span class='ocrx_word' id='word_1_265' title='bbox 232 3711 423 3770; x_wconf 90' lang='lat' dir='ltr'><strong>memoratas</strong></span> <span class='ocrx_word' id='word_1_266' title='bbox 433 3705 468 3786; x_wconf 75' lang='lat' dir='ltr'><strong>,ll</strong></span> <span class='ocrx_word' id='word_1_267' title='bbox 485 3724 551 3768; x_wconf 92' lang='lat' dir='ltr'><strong>non</strong></span> <span class='ocrx_word' id='word_1_268' title='bbox 567 3705 709 3770; x_wconf 91' lang='lat' dir='ltr'><strong>omittam</strong></span> <span class='ocrx_word' id='word_1_269' title='bbox 725 3703 958 3793; x_wconf 72' lang='lat' dir='ltr'><strong>Porphyrionis</strong></span> <span class='ocrx_word' id='word_1_270' title='bbox 974 3706 1095 3781; x_wconf 93' lang='lat' dir='ltr'><strong>locum,</strong></span> <span class='ocrx_word' id='word_1_271' title='bbox 1120 3705 1174 3792; x_wconf 84' lang='lat' dir='ltr'><strong>qui</strong></span> <span class='ocrx_word' id='word_1_272' title='bbox 1194 3701 1339 3786; x_wconf 80' lang='lat' dir='ltr'><strong>„Sabella</strong></span> <span class='ocrx_word' id='word_1_273' title='bbox 1355 3713 1460 3770; x_wconf 90' lang='lat' dir='ltr'><strong>autem</strong></span> <span class='ocrx_word' id='word_1_274' title='bbox 1477 3703 1645 3778; x_wconf 63' lang='lat' dir='ltr'><strong>carmina«</strong></span> 
     </span>
     <span class='ocr_line' id='line_1_30' title="bbox 229 3815 1647 3908; baseline 0.001 -26"><span class='ocrx_word' id='word_1_275' title='bbox 229 3818 354 3905; x_wconf 91' lang='lat' dir='ltr'><strong>inquit,</strong></span> <span class='ocrx_word' id='word_1_276' title='bbox 379 3839 465 3905; x_wconf 83' lang='lat' dir='ltr'><strong>„pro</strong></span> <span class='ocrx_word' id='word_1_277' title='bbox 488 3815 604 3884; x_wconf 87' lang='lat' dir='ltr'><strong>lllarsis</strong></span> <span class='ocrx_word' id='word_1_278' title='bbox 627 3820 736 3905; x_wconf 84' lang='lat' dir='ltr'><strong>posuit</strong></span> <span class='ocrx_word' id='word_1_279' title='bbox 759 3829 791 3886; x_wconf 94' lang='lat' dir='ltr'><strong>et</strong></span> <span class='ocrx_word' id='word_1_280' title='bbox 813 3821 939 3886; x_wconf 89' lang='lat' dir='ltr'><strong>neniam</strong></span> <span class='ocrx_word' id='word_1_281' title='bbox 961 3841 1022 3907; x_wconf 89' lang='lat' dir='ltr'><strong>pro</strong></span> <span class='ocrx_word' id='word_1_282' title='bbox 1044 3819 1271 3898; x_wconf 88' lang='lat' dir='ltr'><strong>incantatioue;</strong></span> <span class='ocrx_word' id='word_1_283' title='bbox 1295 3820 1436 3908; x_wconf 89' lang='lat' dir='ltr'><strong>alioquin</strong></span> <span class='ocrx_word' id='word_1_284' title='bbox 1460 3819 1553 3885; x_wconf 89' lang='lat' dir='ltr'><strong>nenia</strong></span> <span class='ocrx_word' id='word_1_285' title='bbox 1569 3839 1647 3905; x_wconf 90' lang='lat' dir='ltr'><strong>pro·</strong></span> 
     </span>
    </p>
   </div>
   <div class='ocr_carea' id='block_1_3' title="bbox 229 4057 1645 4844">
    <p class='ocr_par' dir='ltr' id='par_1_9' title="bbox 334 4057 1645 4134">
     <span class='ocr_line' id='line_1_31' title="bbox 334 4057 1645 4134; baseline -0.002 -15"><span class='ocrx_word' id='word_1_286' title='bbox 334 4065 357 4132; x_wconf 88' lang='lat'><strong>¹)</strong></span> <span class='ocrx_word' id='word_1_287' title='bbox 393 4070 481 4120; x_wconf 86' lang='lat' dir='ltr'><strong>Varro</strong></span> <span class='ocrx_word' id='word_1_288' title='bbox 500 4069 534 4118; x_wconf 91' lang='lat' dir='ltr'><strong>de</strong></span> <span class='ocrx_word' id='word_1_289' title='bbox 552 4069 606 4119; x_wconf 87' lang='lat' dir='ltr'><strong>vita</strong></span> <span class='ocrx_word' id='word_1_290' title='bbox 626 4081 688 4133; x_wconf 87' lang='lat' dir='ltr'><strong>pop.</strong></span> <span class='ocrx_word' id='word_1_291' title='bbox 706 4069 783 4119; x_wconf 81' lang='lat' dir='ltr'><strong>Rom.</strong></span> <span class='ocrx_word' id='word_1_292' title='bbox 803 4071 851 4120; x_wconf 86' lang='lat' dir='ltr'><strong>lib.</strong></span> <span class='ocrx_word' id='word_1_293' title='bbox 869 4057 914 4120; x_wconf 79' lang='lat' dir='ltr'><strong>IV.</strong></span> <span class='ocrx_word' id='word_1_294' title='bbox 933 4069 1004 4133; x_wconf 90' lang='lat' dir='ltr'><strong>apud</strong></span> <span class='ocrx_word' id='word_1_295' title='bbox 1022 4069 1138 4121; x_wconf 87' lang='lat' dir='ltr'><strong>Nonium</strong></span> <span class='ocrx_word' id='word_1_296' title='bbox 1156 4085 1182 4134; x_wconf 94' lang='lat' dir='ltr'><strong>p.</strong></span> <span class='ocrx_word' id='word_1_297' title='bbox 1201 4069 1237 4120; x_wconf 78' lang='lat' dir='ltr'><strong>l8</strong></span> <span class='ocrx_word' id='word_1_298' title='bbox 1256 4069 1346 4132; x_wconf 87' lang='lat' dir='ltr'><strong>Gerl.;</strong></span> <span class='ocrx_word' id='word_1_299' title='bbox 1367 4069 1477 4120; x_wconf 87' lang='lat' dir='ltr'><strong>Sueten.</strong></span> <span class='ocrx_word' id='word_1_300' title='bbox 1496 4069 1564 4132; x_wconf 78' lang='lat' dir='ltr'><strong>hug.</strong></span> <span class='ocrx_word' id='word_1_301' title='bbox 1585 4069 1645 4117; x_wconf 86' lang='grc'><strong>100.</strong></span> 
     </span>
    </p>

    <p class='ocr_par' dir='ltr' id='par_1_10' title="bbox 229 4151 1642 4400">
     <span class='ocr_line' id='line_1_32' title="bbox 333 4151 1640 4222; baseline -0.003 -14"><span class='ocrx_word' id='word_1_302' title='bbox 333 4151 357 4221; x_wconf 75' lang='lat'><strong>²)</strong></span> <span class='ocrx_word' id='word_1_303' title='bbox 393 4158 476 4222; x_wconf 84' lang='lat' dir='ltr'><strong>Epist.</strong></span> <span class='ocrx_word' id='word_1_304' title='bbox 496 4159 519 4206; x_wconf 89' lang='lat' dir='ltr'><strong>l.</strong></span> <span class='ocrx_word' id='word_1_305' title='bbox 539 4161 562 4206; x_wconf 89' lang='grc'><strong>1.</strong></span> <span class='ocrx_word' id='word_1_306' title='bbox 582 4159 617 4208; x_wconf 84' lang='grc'><strong>59</strong></span> <span class='ocrx_word' id='word_1_307' title='bbox 635 4172 674 4222; x_wconf 82' lang='lat' dir='ltr'><strong>sq.</strong></span> <span class='ocrx_word' id='word_1_308' title='bbox 692 4159 814 4210; x_wconf 89' lang='lat' dir='ltr'><strong>Notanda</strong></span> <span class='ocrx_word' id='word_1_309' title='bbox 833 4164 876 4209; x_wconf 87' lang='lat' dir='ltr'><strong>est</strong></span> <span class='ocrx_word' id='word_1_310' title='bbox 892 4158 975 4209; x_wconf 89' lang='lat' dir='ltr'><strong>lectio</strong></span> <span class='ocrx_word' id='word_1_311' title='bbox 993 4156 1095 4208; x_wconf 86' lang='lat' dir='ltr'><strong>codicis</strong></span> <span class='ocrx_word' id='word_1_312' title='bbox 1107 4159 1190 4208; x_wconf 73' lang='lat' dir='ltr'><strong>hasil.</strong></span> <span class='ocrx_word' id='word_1_313' title='bbox 1204 4160 1352 4211; x_wconf 84' lang='lat' dir='ltr'><strong>membran.</strong></span> <span class='ocrx_word' id='word_1_314' title='bbox 1367 4173 1437 4209; x_wconf 88' lang='lat' dir='ltr'><strong>saec.</strong></span> <span class='ocrx_word' id='word_1_315' title='bbox 1452 4157 1568 4207; x_wconf 82' lang='lat' dir='ltr'><strong>fortasse</strong></span> <span class='ocrx_word' id='word_1_316' title='bbox 1581 4156 1640 4206; x_wconf 85' lang='lat' dir='ltr'><strong>XIV</strong></span> 
     </span>
     <span class='ocr_line' id='line_1_33' title="bbox 229 4243 1642 4313; baseline 0 -19"><span class='ocrx_word' id='word_1_317' title='bbox 229 4243 271 4308; x_wconf 80' lang='lat' dir='ltr'><strong>(F.</strong></span> <span class='ocrx_word' id='word_1_318' title='bbox 290 4245 332 4294; x_wconf 91' lang='lat' dir='ltr'><strong>lV.</strong></span> <span class='ocrx_word' id='word_1_319' title='bbox 352 4245 409 4313; x_wconf 76' lang='lat'><strong>27.)</strong></span> <span class='ocrx_word' id='word_1_320' title='bbox 428 4260 442 4295; x_wconf 86' lang='lat' dir='ltr'><strong>a</strong></span> <span class='ocrx_word' id='word_1_321' title='bbox 462 4247 570 4298; x_wconf 88' lang='lat' dir='ltr'><strong>nemine</strong></span> <span class='ocrx_word' id='word_1_322' title='bbox 589 4247 679 4296; x_wconf 88' lang='lat' dir='ltr'><strong>adhuc</strong></span> <span class='ocrx_word' id='word_1_323' title='bbox 697 4247 804 4312; x_wconf 86' lang='lat' dir='ltr'><strong>collati,</strong></span> <span class='ocrx_word' id='word_1_324' title='bbox 823 4249 901 4298; x_wconf 86' lang='lat' dir='ltr'><strong>cuius</strong></span> <span class='ocrx_word' id='word_1_325' title='bbox 920 4249 978 4312; x_wconf 87' lang='lat' dir='ltr'><strong>ipse</strong></span> <span class='ocrx_word' id='word_1_326' title='bbox 997 4247 1101 4299; x_wconf 84' lang='lat' dir='ltr'><strong>institui</strong></span> <span class='ocrx_word' id='word_1_327' title='bbox 1120 4247 1302 4298; x_wconf 84' lang='lat' dir='ltr'><strong>collationem.</strong></span> <span class='ocrx_word' id='word_1_328' title='bbox 1341 4247 1392 4297; x_wconf 81' lang='lat' dir='ltr'><strong>llic</strong></span> <span class='ocrx_word' id='word_1_329' title='bbox 1405 4247 1486 4310; x_wconf 78' lang='lat' dir='ltr'><strong>igitur</strong></span> <span class='ocrx_word' id='word_1_330' title='bbox 1499 4245 1584 4296; x_wconf 81' lang='lat' dir='ltr'><strong>codex</strong></span> <span class='ocrx_word' id='word_1_331' title='bbox 1597 4257 1642 4294; x_wconf 93' lang='lat' dir='ltr'><strong>ne·</strong></span> 
     </span>
     <span class='ocr_line' id='line_1_34' title="bbox 229 4335 1459 4400; baseline 0 -16"><span class='ocrx_word' id='word_1_332' title='bbox 229 4347 364 4399; x_wconf 82' lang='lat' dir='ltr'><strong>quaquam</strong></span> <span class='ocrx_word' id='word_1_333' title='bbox 385 4336 504 4386; x_wconf 85' lang='lat' dir='ltr'><strong>bonitate</strong></span> <span class='ocrx_word' id='word_1_334' title='bbox 523 4335 657 4386; x_wconf 80' lang='lat' dir='ltr'><strong>excellens</strong></span> <span class='ocrx_word' id='word_1_335' title='bbox 676 4350 726 4390; x_wconf 86' lang='lat' dir='ltr'><strong>nec</strong></span> <span class='ocrx_word' id='word_1_336' title='bbox 743 4342 833 4388; x_wconf 86' lang='lat' dir='ltr'><strong>tamen</strong></span> <span class='ocrx_word' id='word_1_337' title='bbox 852 4337 1019 4400; x_wconf 88' lang='lat' dir='ltr'><strong>spernendus</strong></span> <span class='ocrx_word' id='word_1_338' title='bbox 1037 4349 1087 4400; x_wconf 90' lang='lat' dir='ltr'><strong>pro</strong></span> <span class='ocrx_word' id='word_1_339' title='bbox 1107 4336 1222 4399; x_wconf 72' lang='lat' dir='ltr'><strong>,faciest</strong></span> <span class='ocrx_word' id='word_1_340' title='bbox 1241 4337 1325 4400; x_wconf 68' lang='lat' dir='ltr'><strong>{onor</strong></span> <span class='ocrx_word' id='word_1_341' title='bbox 1343 4336 1459 4388; x_wconf 86' lang='lat' dir='ltr'><strong>exhibet.</strong></span> 
     </span>
    </p>

    <p class='ocr_par' dir='ltr' id='par_1_11' title="bbox 333 4419 1175 4486">
     <span class='ocr_line' id='line_1_35' title="bbox 333 4419 1175 4486; baseline 0.014 -15"><span class='ocrx_word' id='word_1_342' title='bbox 333 4419 354 4486; x_wconf 79' lang='lat'><strong>³)</strong></span> <span class='ocrx_word' id='word_1_343' title='bbox 392 4425 623 4475; x_wconf 70' lang='lat' dir='ltr'><strong>samsonem.</strong></span> <span class='ocrx_word' id='word_1_344' title='bbox 1171 4429 1175 4444; x_wconf 92' lang='lat'>&#39;</span> 
     </span>
    </p>

    <p class='ocr_par' dir='ltr' id='par_1_12' title="bbox 334 4507 943 4578">
     <span class='ocr_line' id='line_1_36' title="bbox 334 4507 943 4578; baseline 0.003 -16"><span class='ocrx_word' id='word_1_345' title='bbox 334 4507 355 4578; x_wconf 66' lang='lat'><strong>³)</strong></span> <span class='ocrx_word' id='word_1_346' title='bbox 392 4513 434 4562; x_wconf 77' lang='lat' dir='ltr'><strong>Ad</strong></span> <span class='ocrx_word' id='word_1_347' title='bbox 453 4517 501 4562; x_wconf 85' lang='lat' dir='ltr'><strong>sat.</strong></span> <span class='ocrx_word' id='word_1_348' title='bbox 520 4513 550 4576; x_wconf 88' lang='grc'><strong>3,</strong></span> <span class='ocrx_word' id='word_1_349' title='bbox 573 4515 604 4564; x_wconf 87' lang='grc'><strong>18</strong></span> <span class='ocrx_word' id='word_1_350' title='bbox 623 4529 647 4578; x_wconf 90' lang='lat' dir='ltr'><strong>p.</strong></span> <span class='ocrx_word' id='word_1_351' title='bbox 668 4513 745 4564; x_wconf 80' lang='lat' dir='ltr'>XLVI</span> <span class='ocrx_word' id='word_1_352' title='bbox 763 4515 805 4564; x_wconf 91' lang='lat' dir='ltr'><strong>ed.</strong></span> <span class='ocrx_word' id='word_1_353' title='bbox 824 4515 943 4565; x_wconf 85' lang='lat' dir='ltr'><strong>Diihnor.</strong></span> 
     </span>
    </p>

    <p class='ocr_par' dir='ltr' id='par_1_13' title="bbox 335 4599 790 4666">
     <span class='ocr_line' id='line_1_37' title="bbox 335 4599 790 4666; baseline 0.004 -16"><span class='ocrx_word' id='word_1_354' title='bbox 335 4599 356 4662; x_wconf 77' lang='lat'><strong>⁵)</strong></span> <span class='ocrx_word' id='word_1_355' title='bbox 396 4601 436 4650; x_wconf 78' lang='lat' dir='ltr'><strong>Ad</strong></span> <span class='ocrx_word' id='word_1_356' title='bbox 455 4601 631 4652; x_wconf 84' lang='lat' dir='ltr'><strong>Heliodorum</strong></span> <span class='ocrx_word' id='word_1_357' title='bbox 650 4603 729 4666; x_wconf 83' lang='lat' dir='ltr'><strong>epist.</strong></span> <span class='ocrx_word' id='word_1_358' title='bbox 751 4604 790 4652; x_wconf 76' lang='lat' dir='ltr'><strong>tt.</strong></span> 
     </span>
    </p>

    <p class='ocr_par' dir='ltr' id='par_1_14' title="bbox 335 4684 633 4750">
     <span class='ocr_line' id='line_1_38' title="bbox 335 4684 633 4750; baseline 0 -11"><span class='ocrx_word' id='word_1_359' title='bbox 335 4684 358 4750; x_wconf 65' lang='lat' dir='ltr'><strong>l)</strong></span> <span class='ocrx_word' id='word_1_360' title='bbox 397 4691 425 4739; x_wconf 86' lang='lat' dir='ltr'><strong>P.</strong></span> <span class='ocrx_word' id='word_1_361' title='bbox 445 4690 496 4740; x_wconf 80' lang='lat'><strong>168</strong></span> <span class='ocrx_word' id='word_1_362' title='bbox 515 4690 633 4740; x_wconf 87' lang='lat' dir='ltr'><strong>Diihner.</strong></span> 
     </span>
    </p>

    <p class='ocr_par' dir='ltr' id='par_1_15' title="bbox 335 4771 1287 4844">
     <span class='ocr_line' id='line_1_39' title="bbox 335 4771 1287 4844; baseline 0.005 -17"><span class='ocrx_word' id='word_1_363' title='bbox 335 4771 357 4838; x_wconf 80' lang='lat'><strong>⁷)</strong></span> <span class='ocrx_word' id='word_1_364' title='bbox 395 4779 458 4828; x_wconf 80' lang='lat' dir='ltr'><strong>lior.</strong></span> <span class='ocrx_word' id='word_1_365' title='bbox 479 4779 556 4843; x_wconf 92' lang='lat' dir='ltr'><strong>epod.</strong></span> <span class='ocrx_word' id='word_1_366' title='bbox 578 4779 624 4844; x_wconf 84' lang='lat'><strong>17,</strong></span> <span class='ocrx_word' id='word_1_367' title='bbox 645 4780 691 4838; x_wconf 80' lang='lat'><strong>29;</strong></span> <span class='ocrx_word' id='word_1_368' title='bbox 717 4780 796 4831; x_wconf 79' lang='lat' dir='ltr'><strong>Ouid.</strong></span> <span class='ocrx_word' id='word_1_369' title='bbox 816 4781 874 4830; x_wconf 84' lang='lat' dir='ltr'><strong>last.</strong></span> <span class='ocrx_word' id='word_1_370' title='bbox 895 4781 924 4839; x_wconf 92' lang='grc'><strong>6,</strong></span> <span class='ocrx_word' id='word_1_371' title='bbox 946 4781 1013 4844; x_wconf 47' lang='lat' dir='ltr'><strong>ld&amp;</strong></span> <span class='ocrx_word' id='word_1_372' title='bbox 1037 4787 1085 4832; x_wconf 84' lang='lat' dir='ltr'><strong>nrt.</strong></span> <span class='ocrx_word' id='word_1_373' title='bbox 1106 4781 1287 4838; x_wconf 72' lang='lat' dir='ltr'><strong>am.2,102.</strong></span> 
     </span>
    </p>
   </div>
   <div class='ocr_carea' id='block_1_4' title="bbox 0 0 1838 5544">
    <p class='ocr_par' dir='ltr' id='par_1_16' title="bbox 0 0 1838 5544">
     <span class='ocr_line' id='line_1_40' title="bbox 0 0 1838 5544; baseline 0 4"><span class='ocrx_word' id='word_1_374' title='bbox 0 0 1838 5544; x_wconf 95' lang='lat' dir='ltr'><strong> </strong></span> 
     </span>
    </p>
   </div>
  </div>
 </body>
</html>
