3666 5544
828 365 1019 426 ,3-

208 551 346 617 qnorum
372 541 478 595 vatum
503 529 618 609 effata,
654 526 791 616 quibus.
817 538 851 594 ut
873 527 991 604 Fauni,
1016 531 1187 596 cecinerint
1210 531 1333 606 lutura,
1364 533 1425 598 huc
1457 538 1625 620 pertinere.

210 644 358 733 Denique
383 643 497 711 Festus
523 656 594 710 eta
617 642 743 713 Naevio
775 646 893 712 bellom
917 645 1076 714 Punicum
1107 646 1153 712 his
1188 645 1330 712 versibus
1366 650 1520 736 scriptum
1555 663 1626 718 ete

207 761 315 828 multis
339 761 406 826 aliis
430 761 523 847 plura
547 761 722 848 composita
746 783 815 827 esse
838 761 983 828 affirmat.
1028 760 1117 828 Inter
1132 762 1209 828 haec
1225 763 1330 828 variae
1346 785 1476 852 quoquo
1491 766 1627 854 inscrip-

208 877 309 943 tiones
334 899 351 942 a
375 877 480 942 multis
503 876 579 942 viris
603 876 704 942 doctis
727 877 844 943 relatae
868 887 957 952 sunt,
981 876 1064 963 apud
1088 899 1169 963 quos
1191 878 1234 942 ita
1257 878 1445 944 inveteravit
1460 881 1537 948 haec
1553 903 1627 947 sen-

207 993 317 1066 tentia,
342 1002 377 1058 ut
402 992 456 1056 vix
479 991 617 1057 tollenda
640 991 813 1058 videretur.
860 989 927 1058 Sed
949 991 1011 1057 hoc
1034 991 1254 1079 disputationis
1277 1003 1407 1060 nostrae
1426 999 1624 1083 propositum

206 1117 306 1182 testo,
331 1117 366 1172 ut
390 1106 570 1182 videamus,
594 1127 660 1194 quo
682 1107 754 1174 inre
776 1107 808 1173 id
831 1107 948 1175 luctum
970 1107 1020 1174 sit.
1046 1143 1086 1156 -—
1111 1107 1283 1175 Ordiamur

336 1391 376 1471 Ι.
440 1391 506 1471 De
538 1391 677 1472 meniis
707 1393 750 1470 el
778 1387 1127 1498 inscriptionibus
1158 1391 1481 1496 sepulcralidus.

294 1655 451 1724 Acerbins
474 1657 529 1723 vix
552 1655 725 1744 quidquam
747 1655 892 1726 accidere
914 1667 1020 1745 potest
1043 1657 1176 1732 homini,
1212 1659 1264 1726 cui
1295 1658 1356 1726 vito
1380 1681 1538 1728 summum
1574 1674 1620 1728 est

205 1775 344 1850 bonum,
371 1772 516 1860 quamsi
540 1772 617 1838 haec
641 1772 722 1848 vita,
753 1794 834 1860 quse
858 1773 887 1840 ei
910 1783 977 1843 erat
1000 1773 1179 1850 carissima,
1213 1773 1326 1842 immiti
1349 1786 1452 1842 morte
1474 1775 1620 1842 dissolvi-

205 1902 266 1958 tur.
315 1887 415 1954 Cuius
439 1889 487 1954 rei
511 1909 576 1975 quo
600 1887 703 1954 minus
726 1888 808 1954 ratio
831 1889 1035 1974 intelligitur,
1068 1909 1107 1954 eo
1132 1887 1348 1956 vehementius
1379 1889 1497 1958 doloris
1525 1890 1613 1976 siqua

205 2015 385 2092 erumpunt.
433 2002 497 2084 Alii
519 2005 617 2090 igitur
641 2019 759 2070 vestem
783 2013 816 2072 et
849 2004 979 2090 capillos
1014 2003 1174 2084 scindere,
1207 2005 1240 2072 in
1273 2005 1423 2092 squalore
1457 2016 1488 2074 et
1523 2005 1618 2072 sorde

204 2121 330 2196 iacere,
352 2141 498 2186 maerore
521 2129 553 2186 et
575 2119 712 2188 lacrimis
734 2119 868 2194 confici.
892 2119 945 2186 alii
967 2128 1100 2186 maestas
1135 2141 1230 2186 voces
1266 2120 1380 2195 edere.
1415 2121 1553 2208 querelis
1586 2131 1618 2186 et

203 2236 374 2306 ululatibus
397 2257 491 2302 auras
515 2235 655 2322 implere.
702 2232 785 2302 Mox
808 2233 878 2309 ubi,
904 2244 1047 2322 tempore
1069 2235 1253 2313 interiecto,
1276 2236 1399 2302 animus
1423 2236 1617 2323 aliquantum

204 2353 362 2440 acquievit
385 2373 421 2417 ac
445 2351 650 2437 temperatior
671 2349 772 2416 fuctus
796 2359 863 2424 est,
888 2349 982 2416 etiam
1004 2349 1125 2418 doloris
1148 2372 1259 2420 sensus
1283 2347 1445 2418 molliores
1471 2351 1619 2430 redeunt,

204 2489 349 2555 quaeque
371 2467 526 2554 principio
549 2465 624 2532 nihil
647 2465 707 2532 nisi
729 2465 849 2532 dissoni
870 2475 902 2532 ct
925 2465 1047 2534 feroces
1072 2467 1226 2534 clamores
1256 2476 1367 2553 postea
1390 2465 1424 2534 in
1450 2475 1538 2533 certe
1565 2465 1618 2532 dc-

204 2583 339 2670 scriptos
363 2593 473 2648 cantus
507 2581 722 2648 immutantur.
770 2579 841 2651 Hac
874 2582 973 2668 igitur
1006 2581 1046 2652 de
1079 2603 1173 2650 causa
1208 2581 1324 2650 Graeci
1346 2582 1462 2670 aliique
1495 2582 1616 2670 populi,
1703 2585 1707 2590 '

203 2698 402 2774 Phoenicas,
439 2695 565 2786 Cyprii,
606 2694 771 2786 Aegyptii,
806 2705 928 2764 muuto
967 2697 1110 2772 nomine.
1154 2695 1268 2764 Linum
1312 2719 1426 2764 canere
1466 2697 1617 2765 solebant.

204 2813 348 2903 Phryges
371 2824 403 2880 et
427 2811 524 2878 Cares
548 2811 642 2879 tibiae
664 2810 808 2898 lugubris
831 2811 1014 2880 inventores
1030 2821 1061 2879 et
1077 2812 1215 2880 cultores
1234 2811 1483 2899 perhibentur.¹)
1524 2811 1617 2899 Apud

204 2926 367 2996 Romanos
390 2928 504 3015 procul
526 2926 625 2996 dubio
649 2927 758 2994 eadem
782 2927 948 2995 neniarum
970 2928 1073 3014 origo,
1098 2949 1179 3015 qnae
1200 2927 1233 2994 in
1257 2927 1420 2998 hominum
1442 2928 1548 2994 indole
1580 2947 1620 2998 oc,

205 3055 317 3111 natura
340 3045 442 3131 posita
465 3054 524 3109 est.
570 3040 620 3108 De
643 3040 777 3130 quibus,
813 3043 888 3131 quia
911 3043 1150 3131 inscriptionum
1174 3044 1395 3130 sepulcraliuin
1430 3041 1517 3130 qussi
1547 3042 1617 3108 lons

205 3181 274 3226 esse
298 3158 503 3232 videbantur.
528 3158 684 3226 hocloco
708 3179 808 3246 penca
831 3158 1021 3245 exponendo
1043 3169 1125 3226 sunt.

293 3274 390 3357 Quod
413 3274 552 3361 primum
576 3271 725 3340 vombuti
749 3283 878 3362 etymon
901 3274 1029 3354 attinet,
1062 3273 1148 3361 quod
1167 3274 1229 3349 sit,
1264 3295 1377 3362 parum
1400 3275 1510 3360 liquet.
1559 3271 1620 3338 Vo-

205 3391 251 3457 ria
274 3390 402 3478 quidem
426 3399 458 3456 et
479 3390 563 3456 inter
585 3409 620 3456 se
642 3388 854 3458 diversissimo
877 3385 992 3457 Festus
1021 3398 1054 3456 et
1084 3389 1204 3458 Paulus
1227 3387 1389 3458 Diaconos
1419 3397 1615 3474 proponunt.
1675 3425 1681 3434 ,

207 3505 357 3587 „sums
382 3505 485 3593 inquit
507 3503 672 3587 Paulus,2)
705 3504 787 3592 „qui
810 3525 850 3572 eo
874 3503 973 3572 verbo
996 3503 1090 3574 linem
1114 3503 1283 3590 significari
1310 3487 1439 3590 putant.x
1480 3502 1617 3585 Quidam

205 3623 319 3690 volunt
343 3621 486 3688 naeniam
508 3620 582 3688 ideo
605 3619 684 3700 dici,
707 3619 794 3707 quod
819 3619 890 3688 voci
912 3619 1045 3689 similior
1067 3619 1265 3708 querimonia
1288 3618 1431 3688 dentium
1446 3619 1496 3686 sit.
1538 3618 1619 3701 Qui·

205 3737 276 3804 dam
301 3737 389 3804 aiunt
413 3736 543 3804 ductum
567 3757 682 3802 nomen
706 3734 746 3802 ab
769 3735 905 3802 extremi
927 3735 1068 3804 intestini
1091 3733 1264 3811 vocabulo;
1297 3733 1412 3802 Gracci
1435 3735 1518 3800 enim
1548 3731 1619 3800 viu·

203 3877 261 3920 τον
286 3862 465 3920 extremum
489 3850 615 3926 dicunt,
638 3851 705 3918 sive
728 3849 815 3938 quod
837 3849 1028 3921 chordarum
1052 3851 1160 3919 ultima
1179 3845 1276 3935 scic-q
1291 3851 1422 3929 dicitnr,
1445 3860 1620 3916 extremum

204 3969 358 4038 cantionis
380 3989 494 4036 vocem
516 3967 660 4034 naeniam
683 3966 952 4053 appellaverunt«
990 3965 1186 4050 Quibuscum
1201 3967 1300 4052 ipsius
1314 3963 1403 4032 Festi
1422 3964 1518 4032 verba
1542 3987 1621 4031 con·

205 4085 361 4172 spimot.³l
410 4082 570 4166 Ciceros)
606 4081 799 4172 antiquitatis
827 4079 989 4152 Romanae
1013 4083 1237 4170 peritissimus.
1272 4080 1428 4167 originem
1462 4079 1619 4148 Graecum

310 4316 333 4383 ι)
371 4318 471 4370 Herod.
489 4320 519 4378 2,
538 4318 581 4370 ru.
617 4315 702 4369 clem.
721 4315 796 4371 Alex.
816 4322 909 4368 strom.
928 4318 948 4366 1.
969 4331 994 4380 p.
1013 4316 1067 4368 306
1086 4317 1159 4381 syth.

308 4402 335 4470 ²)
371 4407 496 4471 Excerpt.
515 4419 547 4458 ex
565 4407 645 4457 Festo
663 4419 689 4470 p.
709 4404 761 4456 105
781 4404 900 4456 Lindem.

311 4490 336 4563 ³)
371 4495 400 4545 P.
420 4497 480 4546 175.

311 4580 334 4646 l)
372 4585 412 4635 lie
429 4585 499 4650 lagg.
518 4586 551 4644 ⁸2,
569 4583 605 4634 24
622 4589 648 4647 8.
667 4585 712 4636 62.
736 4585 875 4649 „Reliqua
894 4589 956 4634 sunt
975 4585 1001 4633 in
1021 4598 1096 4658 more
1120 4609 1144 4620 -
1169 4586 1365 4636 honoratorum
1384 4585 1506 4634 virorum
1524 4580 1619 4629 laudes

205 4676 232 4724 in
251 4674 383 4726 concione
402 4677 587 4724 memorentur
605 4687 704 4740 easque
722 4674 805 4724 etiam
824 4679 917 4726 cnutus
930 4673 963 4724 ad
977 4673 1116 4724 tibicinam
1130 4677 1318 4739 prosequatur,
1338 4673 1383 4729 cui
1393 4681 1494 4723 nomon
1508 4668 1619 4719 neniae:

205 4777 258 4826 quo
277 4761 409 4813 vocabulo
428 4763 509 4812 etiam
529 4761 641 4814 Graecis
660 4767 756 4813 cantus
776 4762 904 4826 lugubres
926 4761 1125 4812 nominentur.t
