3666 5544
696 997 1098 1107 ADDElNllA.

811 1290 986 1304 .....--.--

279 1481 366 1550 Dum
392 1484 485 1550 buius
508 1484 688 1571 scriptionis
720 1483 856 1571 pagellas
886 1484 1065 1571 perlustro,
1096 1483 1224 1549 invenio
1248 1504 1313 1559 me,
1346 1482 1401 1551 ubi
1434 1484 1473 1550 de
1505 1485 1605 1550 neniis

191 1600 274 1674 dixi,
310 1599 560 1688 praetermisisse
583 1597 747 1670 Diomedis
778 1600 885 1666 locum
907 1601 982 1666 satis
1005 1596 1261 1676 memorabilem,
1296 1620 1392 1688 quem
1414 1599 1528 1666 ceteris
1551 1599 1607 1666 ad-

191 1716 288 1781 iicere
310 1714 395 1781 baud
417 1723 559 1781 cunctor.
604 1711 662 1780 Est
684 1725 789 1781 autem
812 1714 894 1781 libro
917 1715 1014 1782 tertio
1036 1715 1123 1782 etin
1147 1713 1285 1780 editione
1307 1712 1500 1782 Ascensiana
1511 1715 1531 1796 ¹)
1560 1715 1607 1782 sic

195 1830 332 1914 iegitur:
372 1832 486 1915 „Apud
507 1836 657 1896 Ronecnos
678 1843 776 1896 autern
798 1835 830 1896 id
855 1853 990 1907 eumen,
1017 1835 1097 1916 quod
1117 1852 1185 1896 enm
1210 1835 1417 1896 lamentatione
1441 1841 1607 1896 extremum

190 1958 279 2030 atque
300 1950 437 2011 utimum
455 1959 573 2012 mutuo
596 1950 761 2022 accendor,
788 1951 878 2012 nenia
911 1949 1021 2038 dicitao
1051 1942 1158 2032 παρὰ
1189 1939 1235 2012 τὸ
1263 1940 1385 2029 νητὸν
1417 1940 1463 2009 τὸ
1497 1941 1607 2029 ἔσχα-

190 2083 272 2126 τον.
318 2065 360 2125 Et
382 2064 415 2125 in
440 2065 559 2126 chordis
580 2073 730 2127 ectrernas
754 2083 862 2128 nerone
886 2066 1050 2146 appellatio
1072 2074 1116 2127 eat
1137 2073 1216 2138 nete,
1248 2073 1275 2126 et
1290 2065 1383 2145 elegia
1396 2063 1511 2126 ridetur
1525 2072 1607 2126 trae·

191 2188 254 2240 turn
285 2180 506 2260 cognominari,
545 2180 624 2261 qnod
655 2181 782 2242 mortuis
815 2181 860 2242 cel
891 2181 1046 2243 morituris
1073 2179 1237 2242 ascribitur
1257 2177 1483 2242 noeirnmurnss‘
1531 2174 1605 2256 Quo

192 2312 233 2356 ex
257 2291 328 2356 loco
351 2299 510 2376 apparet,
536 2289 727 2357 Diomedem
760 2311 824 2356 non
859 2311 1054 2378 magnopere
1088 2289 1255 2356 dissentire
1287 2288 1441 2364 alleato,
1478 2291 1533 2377 qui
1568 2311 1605 2355 ea

191 2404 341 2480 afferens,
373 2426 455 2492 quae
483 2405 524 2472 ad
554 2405 699 2472 vocabuli
732 2406 888 2494 originem
922 2404 1139 2494 explicandam
1162 2405 1322 2492 pertinere
1355 2403 1604 2481 videbantur,a

193 2518 381 2606 quibusdam
404 2521 478 2587 ideo
501 2521 626 2587 neniam
650 2521 766 2588 dictam
799 2543 869 2588 esse
896 2521 1020 2598 scribit,
1056 2522 1149 2604 „sive
1179 2520 1266 2608 quod
1296 2529 1472 2587 extremam
1499 2519 1602 2586 llcnda

193 2634 354 2700 efferimus
383 2657 452 2701 eam
475 2657 588 2703 vocem
611 2637 860 2725 querendoque;
895 2658 969 2728 nam
993 2635 1109 2703 Graeci
1130 2633 1247 2702 νέατον
1269 2645 1450 2702 extremum
1473 2636 1602 2714 dicunt;

192 2751 259 2816 sive
290 2751 376 2838 quod
407 2751 597 2818 chordarum
629 2753 739 2819 ultima
768 2748 849 2837 νήτη
878 2752 1033 2837 dicitur.²)
1082 2752 1176 2835 Quod
1199 2761 1304 2819 autem
1328 2752 1449 2839 elegiae
1472 2752 1606 2818 similem

194 2865 351 2952 quandam
375 2867 530 2953 originem
555 2876 587 2933 et
609 2889 703 2935 usum
738 2889 806 2934 esse
835 2866 1007 2934 Diomedes
1036 2867 1148 2948 tradit,
1181 2866 1257 2934 iacit
1292 2889 1364 2934 cum
1397 2867 1504 2933 mulus
1538 2867 1606 2933 aliis

193 2982 415 3066 grammaticis.
462 2980 518 3049 Sic
540 2983 625 3048 enim
646 2984 699 3050 ille
720 2983 826 3070 paullo
849 2993 922 3050 ante
944 2984 1134 3071 scripserat:
1168 2987 1299 3068 „Elegio
1322 2996 1422 3050 autem
1444 2985 1525 3048 dieto
1546 2987 1608 3048 aine

193 3093 298 3179 παρὰ
320 3093 363 3163 τὸ
387 3093 540 3180 itinere
561 3094 658 3176 τούς
678 3101 910 3174 τεθνεῶτας
931 3098 1005 3184 (sere
1028 3103 1105 3165 enim
1126 3103 1329 3183 defunctorum
1352 3101 1523 3164 Ιννάττὴντ
1538 3119 1608 3163 car·

192 3217 270 3278 mine
294 3214 586 3300 comprehendebant)
608 3221 668 3280 eice
691 3210 766 3280 eiad
789 3216 861 3280 τοῦ
885 3210 999 3280 ἐλέου
1021 3218 1054 3279 id
1072 3226 1115 3280 cat
1137 3218 1340 3289 τνὶττναττοντ,
1365 3216 1444 3298 qnod
1461 3216 1607 3296 Tyrrheni

195 3331 358 3413 θνντνὶᾳνν
390 3326 573 3413 ἐλεγείας
603 3335 662 3396 isto
687 3342 781 3396 metra
809 3331 1082 3414 scriptitaverint«
1126 3325 1276 3416 Denique
1307 3327 1340 3393 id
1375 3348 1503 3416 quoque
1538 3347 1604 3389 me·

193 3443 382 3509 morandum
405 3455 468 3524 est,
505 3443 642 3512 Neniam
674 3444 763 3533 qnasi
799 3443 889 3510 deam
911 3445 995 3510 inter
1019 3443 1108 3510 divos
1132 3445 1263 3510 relatam
1287 3443 1459 3531 mviuoque
1481 3440 1603 3505 bonore

192 3559 387 3624 honestatam
413 3581 491 3626 esse.
537 3559 593 3626 Est
615 3561 699 3647 apud
723 3558 875 3626 Festum:
911 3555 1062 3642 „Noniae
1091 3559 1168 3626 deae
1200 3559 1350 3626 sacellum
1372 3558 1456 3625 ultra
1479 3564 1604 3644 portam

192 3672 376 3740 Viminalem
400 3673 504 3740 iuerat
526 3675 724 3750 dedicatum,
749 3696 834 3742 nunc
855 3671 949 3741 babet
976 3684 1097 3741 tantum
1127 3674 1332 3741 aediculam«
1378 3673 1419 3739 lit
1443 3680 1511 3739 erat
1534 3670 1607 3760 qui-

191 3789 262 3855 dem
287 3789 346 3855 dea
369 3790 510 3856 tutelaris
538 3791 686 3874 senum.³)

280 3901 317 3971 Si
339 3905 460 3971 nullum
484 3906 648 3972 neniarum
671 3906 854 3993 exemplum
877 3914 1003 3972 exstare
1026 3905 1109 3982 dixi,
1141 3926 1194 3970 eas
1216 3903 1372 3982 intellexi,
1403 3923 1481 3990 quas
1505 3922 1608 3989 quou-

193 4020 264 4085 dam
288 4019 444 4108 praeficae
467 4020 630 4087 canebant.
678 4021 823 4102 Quarum
846 4041 962 4086 nomen
986 4021 1060 4094 etsi.
1086 4030 1165 4087 teste
1189 4017 1348 4097 Varrone,
1384 4016 1456 4082 inde
1480 4039 1498 4083 a
1523 4016 1607 4082 bello

294 4267 319 4340 ¹)
356 4266 663 4339 Grammaticilillustres
676 4273 736 4323 Xll.
756 4274 787 4323 ln
806 4270 912 4322 officina
930 4271 1094 4322 :ascensiana
1121 4268 1264 4318 Parrbisiis
1275 4265 1431 4317 aunol5lti.
1442 4265 1488 4317 iol.
1499 4266 1607 4316 xxxa

191 4360 232 4411 ad.
251 4359 359 4410 Putscb.
377 4374 403 4424 p.
423 4359 486 4410 uso,

294 4443 319 4512 2)
355 4448 384 4497 Ρ.
402 4447 453 4498 176
471 4448 594 4499 Lindem.
630 4449 670 4500 Gi.
690 4463 769 4514 supra
788 4464 814 4513 p.
833 4450 858 4499 8.

296 4533 319 4603 ³)
356 4535 497 4602 Augustin.
517 4538 551 4588 de
569 4539 620 4588 civ.
640 4539 683 4588 dei
701 4539 733 4596 6,
751 4538 785 4589 9:
805 4538 853 4594 „ut
872 4537 937 4586 deos
957 4536 990 4586 ad
1010 4537 1097 4599 ipsum
1115 4536 1252 4586 hominem
1270 4535 1439 4599 pertinentes
1458 4532 1556 4582 clausit
1574 4531 1608 4580 ad

191 4627 306 4680 Neniam
325 4626 418 4683 deam,
436 4639 505 4690 qnae
524 4626 551 4675 in
571 4626 711 4678 lunaribus
730 4639 825 4677 senum
844 4625 992 4675 cantatur.l
1031 4624 1133 4674 Arnob.
1153 4625 1183 4680 lt,
1203 4623 1237 4674 7:
1256 4626 1286 4674 ln
1305 4623 1387 4674 tutela
1405 4627 1467 4671 sunt
1480 4619 1609 4682 Orbonae

193 4716 281 4767 orbati
301 4714 395 4765 liberis
413 4719 553 4778 parentes,
574 4716 601 4764 ln
619 4716 734 4772 Noniae,
754 4715 851 4779 quibus
870 4720 988 4768 extrema
1008 4721 1071 4767 sunt
1089 4714 1235 4778 temporat
1274 4711 1312 4762 Cl.
1328 4713 1449 4773 Hortonp
1461 4708 1546 4772 Relig.
1560 4708 1609 4760 der

192 4805 291 4855 Romen
310 4803 344 4854 ll.
363 4802 428 4853 wi.
