3666 5544
812 449 1024 508 „31-

203 622 270 690 liue
302 617 461 706 Glyconei
491 615 675 702 saepissime
708 613 857 698 neglexit.
904 609 1037 676 Minime
1072 613 1168 697 igitur
1202 615 1295 680 huius
1331 615 1455 698 generis
1489 635 1619 684 versus.

202 758 302 826 quem
324 733 440 802 Atihus
462 731 597 800 sortasse
621 753 639 798 e
662 730 785 796 comico
809 728 947 814 quodam
971 728 1152 813 expiscatus
1176 740 1241 801 est,
1273 729 1312 794 ad
1336 727 1506 794 Saturnios
1537 726 1618 794 rele-

205 852 324 922 rendus
349 860 427 918 erat.

294 964 395 1034 Tertii
418 965 559 1051 denique
582 962 706 1047 generis
731 961 791 1026 hoo
815 959 997 1044 exemplum
1021 957 1136 1024 Atilius
1161 961 1347 1047 proposuit:

518 1101 603 1163 quem
624 1099 685 1144 oon
707 1081 834 1142 rotioms
857 1087 986 1159 spectem
1008 1079 1079 1140 eicit
1102 1075 1299 1140 Archimedes.

297 1199 419 1266 Iterum
443 1194 598 1262 hocloco
628 1191 667 1258 de
692 1190 865 1277 Euripideo
889 1188 1143 1276 quattuordecim
1168 1189 1359 1277 syllabarum
1384 1190 1524 1274 cogitare
1549 1210 1623 1276 pos-

215 1337 282 1393 ses,
304 1312 363 1378 nisi
385 1318 571 1396 anapaestus
586 1307 668 1396 pede
684 1307 824 1373 secundo
840 1305 989 1371 obstaret.
1037 1303 1118 1370 Pars
1142 1305 1231 1389 prior
1254 1305 1381 1370 videtur
1404 1326 1474 1370 esse
1496 1328 1513 1370 a
1537 1305 1622 1370 clau-

215 1430 278 1498 sula
302 1425 477 1494 hexametri
500 1424 620 1492 heroici
643 1423 847 1509 deprompta:

653 1542 1193 1616 -h-uuh-vvh-:

195 1681 290 1748 ›pars
320 1679 397 1724 vero
426 1656 587 1743 posterior
619 1675 637 1720 e
665 1654 799 1741 tripudia
824 1653 981 1718 trochaica
1005 1651 1202 1718 acatalectica
1226 1652 1292 1716 sive
1317 1650 1523 1741 lthyphallico
1547 1673 1624 1719 con-

212 1787 304 1842 stare.
352 1771 539 1840 Salurninm
568 1793 584 1836 a
618 1767 808 1836 Terentiano
842 1768 1035 1854 descriptum
1065 1788 1239 1852 agnoscere
1273 1767 1406 1850 poteris,
1441 1768 1467 1832 si
1491 1769 1624 1854 pedibus

207 1889 351 1958 secundo
377 1897 408 1954 et
431 1887 526 1954 tertio
549 1896 733 1972 anapaestos
757 1883 937 1958 admiseris,
961 1884 992 1947 in
1018 1884 1101 1948 huuc
1124 1881 1268 1948 modum:

420 2004 1385 2078 --lw-lw-.l²‘-ll—vl-vl—C·
1488 2043 1490 2050 v

299 2118 394 2198 Quod
425 2129 530 2184 antem
561 2115 708 2182 versiculi
739 2113 834 2180 verba
858 2115 1007 2187 attinent,
1046 2112 1193 2180 videntur
1222 2113 1356 2180 conllata
1385 2135 1402 2178 e
1427 2112 1548 2200 Virgilii
1574 2115 1623 2180 vel

209 2235 317 2304 Ovidii
344 2235 461 2317 locis.¹)
486 2231 601 2320 quihus
624 2230 790 2296 adiunctus
815 2241 862 2296 est
880 2227 1088 2294 Archimedes
1114 2229 1145 2294 in
1168 2229 1252 2295 vitae
1275 2229 1479 2316 quotidianae
1501 2251 1625 2296 sermo-

215 2348 305 2415 nibus
329 2347 489 2435 proverbii
512 2348 584 2412 loco
608 2345 741 2411 habitus.

296 2463 385 2530 Duos
417 2465 547 2548 insuper
578 2461 656 2528 alios
689 2461 863 2526 versiculos
887 2457 1005 2526 Atilius
1029 2459 1136 2526 laudat
1159 2460 1277 2546 quippe
1301 2481 1318 2525 e
1342 2457 1466 2526 Naevio
1490 2462 1622 2547 petitos,

208 2602 289 2668 quos
312 2580 399 2646 solos
422 2579 554 2644 idoneos
578 2599 612 2644 se
635 2577 793 2663 reperisse
816 2576 969 2663 perbibet.
1019 2573 1104 2642 Sauo
1120 2574 1264 2641 mirabile
1279 2587 1380 2654 esset,
1405 2576 1431 2640 si
1454 2576 1486 2641 in
1502 2586 1623 2663 septem

210 2695 298 2762 libris
323 2694 559 2762 celebratissimi
589 2693 628 2758 de
660 2692 743 2758 bello
766 2691 891 2757 Punico
921 2691 1067 2758 carminis
1098 2711 1160 2756 non
1191 2691 1250 2756 nisi
1279 2712 1379 2757 onum
1410 2712 1467 2778 par
1491 2693 1625 2776 exlege

208 2811 324 2878 iactum
348 2811 529 2876 exstitisset.
577 2805 643 2875 Sed
660 2805 791 2874 Atilium
807 2804 923 2872 Naevii
946 2806 1044 2872 libros
1069 2828 1229 2894 nunquam
1253 2807 1285 2872 in
1310 2805 1454 2873 manibus
1479 2807 1624 2874 habuisse

209 2927 290 2993 hand
315 2925 426 2993 dubito
452 2925 683 3011 pronunciare,
724 2945 828 3010 neque
852 2922 976 2989 difficile
1000 2933 1061 2998 est,
1098 2921 1190 2988 huius
1221 2923 1268 2988 rei
1292 2944 1365 2989 eum
1394 2923 1621 3006 convincere.²]

207 3040 293 3110 Nam
317 3053 490 3126 utrumque
516 3061 657 3117 versum,
692 3058 787 3125 quem
811 3058 870 3123 pro
902 3034 1069 3104 Naeviano
1100 3037 1255 3117 venditat,
1291 3035 1437 3104 elllario
1461 3036 1623 3104 Victorino

210 3158 382 3224 suffuratus
407 3166 472 3228 ast;
495 3155 549 3220 sed
574 3152 696 3220 Marius
720 3153 854 3220 alterum
878 3165 1005 3228 utrum,
1029 3175 1125 3244 quern
1149 3163 1257 3220 noster
1281 3153 1402 3220 temehe
1425 3152 1623 3222 Naevianum

211 3271 297 3346 lacit,

561 3385 668 3450 lerunt
691 3384 817 3470 pulcras
840 3395 963 3469 pateras
988 3406 1101 3451 aureas
1126 3385 1261 3472 lepidas,

211 3523 273 3566 non
297 3525 314 3566 a
339 3499 483 3579 Naevio,
506 3500 562 3566 sed
584 3498 623 3564 ab
647 3499 707 3566 alio
731 3499 868 3586 quodum
892 3501 1022 3587 antiquo
1045 3501 1177 3586 petitum
1201 3501 1289 3566 dixit.

298 3615 407 3684 Restat
430 3615 570 3702 denique
593 3615 669 3680 illud
693 3613 780 3680 Atilii
804 3628 1035 3689 commentum,
1060 3616 1150 3682 cuius
1173 3616 1235 3682 iam
1261 3618 1451 3682 mentionem
1475 3618 1624 3692 fecimus,

211 3753 274 3819 qno
299 3753 361 3797 ntrn
387 3752 505 3817 paucos
529 3731 671 3796 homines
695 3730 808 3796 doctos
831 3732 864 3796 in
888 3752 1031 3797 errorem
1055 3730 1190 3796 induxit.
1238 3728 1319 3798 Cum
1352 3733 1434 3797 enim
1466 3733 1625 3799 laboraret

212 3845 387 3913 virbonus
411 3846 548 3912 maxime
571 3847 602 3910 in
627 3845 823 3911 inveniendis
847 3846 969 3912 idoneis
986 3845 1147 3918 versibus,
1171 3846 1319 3933 antiquos
1336 3847 1421 3934 quod
1438 3849 1624 3914 durissimos

210 3983 287 4040 eos,
311 3962 388 4027 alios
404 3961 590 4032 breviores,
615 3961 692 4026 alios
716 3961 880 4046 longiores¹
901 3961 1070 4035 fecissent.
1094 3962 1277 4048 inculpans,
1302 3983 1450 4048 magnum
1465 3964 1624 4050 quoddam

211 4089 243 4144 et
266 4077 462 4163 praeclarum
491 4076 550 4144 sihi
580 4075 640 4182 hoc
673 4076 829 4142 invenisse
854 4078 938 4142 visus
963 4088 1025 4151 est,
1062 4077 1312 4164 triumphaturos
1336 4079 1433 4144 duces
1455 4081 1487 4144 iu
1512 4079 1624 4144 tabulis

214 4191 374 4279 Capitolio
398 4193 498 4258 affixis
522 4193 673 4258 victoriae
697 4192 822 4258 titulum
841 4190 1000 4258 Saturniis
1016 4191 1159 4258 versibus
1176 4203 1362 4278 prosecutos
1387 4215 1464 4259 esse.
1513 4194 1627 4260 Olor-

318 4475 339 4541 ι)
379 4478 449 4540 Virg.
469 4480 534 4528 Aen.
554 4477 661 4540 &299
680 4491 734 4530 non
754 4479 911 4530 tonationis
939 4483 1078 4540 egentenu
1107 4479 1185 4529 Ovid.
1214 4485 1275 4532 met.
1304 4482 1353 4536 15,
1380 4482 1431 4532 tao
1458 4493 1489 4530 ac
1515 4481 1626 4530 rationis

213 4572 334 4627 egentem
357 4567 462 4615 Lucret.
483 4567 515 4622 5,
537 4566 606 4616 1210
625 4568 737 4617 rationis
757 4573 872 4630 egestas.
1322 4627 1325 4638 γ

318 4651 340 4716 ²)
378 4656 522 4705 verissime
541 4655 689 4719 Modolpius
707 4656 741 4708 de
761 4669 790 4706 re
809 4656 891 4706 simili
919 4661 1003 4718 „post
1023 4655 1178 4706 Cassiodori
1198 4669 1264 4707 vero
1282 4663 1429 4715 aetatem‚«
1454 4658 1553 4721 inquit,
1582 4657 1626 4717 „si

219 4739 277 4797 quis
297 4741 389 4794 borum
410 4745 670 4808 (grammaticorum)
688 4746 768 4796 unius
786 4744 877 4796 locum
896 4757 950 4798 oon
969 4745 1002 4794 ab
1022 4744 1076 4794 alio
1096 4749 1249 4808 sumptum,
1268 4747 1315 4796 sed
1330 4747 1356 4796 in
1370 4747 1429 4810 ipso
1443 4746 1514 4794 libro
1527 4745 1627 4795 lectum

219 4823 355 4882 citaverit.
374 4834 470 4881 mirum
491 4833 576 4884 videri
597 4833 691 4895 dehet,
711 4835 733 4882 si
753 4833 870 4896 plurium
890 4833 1004 4895 scripta,
1024 4838 1206 4896 suspectum«
1245 4834 1342 4896 Opnsc.
1363 4847 1387 4896 p.
1408 4833 1449 4882 15.
