3666 5544
799 445 1010 504 ...11-

165 617 169 626 '
199 611 464 704 praetereundum
486 619 585 696 puto,
615 608 672 674 sed
695 608 734 674 ad
756 607 789 674 id
812 609 952 674 animum
976 609 1099 675 adverti
1122 611 1234 684 velim,
1258 631 1330 676 enm
1354 611 1404 676 illa
1433 611 1613 678 celebratis-

199 732 273 798 sima
308 727 491 795 coniectura
515 723 609 790 mam
633 724 710 790 baec
732 724 871 810 singula,
906 723 1046 790 carmina
1069 725 1243 790 convivalia
1267 748 1285 792 e
1312 727 1413 792 neniis
1447 727 1613 814 prolecta,

197 843 363 910 neniarum
386 861 465 906 vero
488 839 637 926 reliquias
659 839 693 904 in
716 839 868 926 sepulcris
886 835 1074 925 Scipionum
1098 849 1223 905 exstare
1246 840 1366 918 videri,
1391 844 1482 930 qnasi
1496 843 1610 910 latiore

198 959 407 1026 fundamento
431 955 569 1034 sublato,
605 966 759 1021 corruere
782 963 877 1040 atque
900 953 1023 1020 collabi.
1069 953 1125 1020 Illa
1148 955 1247 1041 igitur
1269 955 1430 1033 abnuens,
1454 959 1532 1024 haec
1555 979 1613 1024 au·
1672 972 1675 980 ’

198 1084 263 1140 tem
289 1071 461 1140 defendens
485 1090 592 1135 nonne
614 1069 721 1134 similis
745 1078 792 1134 est
817 1069 864 1148 ei,
889 1070 962 1156 qui,
985 1067 1125 1136 radicum
1150 1069 1237 1136 fibris
1262 1073 1393 1152 evulsis,
1417 1093 1523 1139 ramos
1546 1095 1616 1138 am-

197 1199 314 1277 putare
336 1192 482 1253 recuset?
521 1183 673 1250 Ceterum
696 1183 780 1250 haud
803 1185 869 1250 seio
893 1207 932 1249 an
956 1183 1168 1265 Niebuhrius,
1192 1196 1228 1252 ut
1251 1187 1443 1252 carminibus
1467 1188 1615 1254 conviva·

196 1302 363 1378 libussie
386 1301 504 1377 neniis,
528 1301 591 1366 vim
614 1301 699 1366 insto
722 1301 876 1364 maiorem
901 1299 1055 1365 tribuerit.
1104 1299 1140 1367 Si
1164 1303 1247 1367 enim
1275 1323 1386 1368 verum
1421 1312 1485 1383 est,
1519 1303 1607 1391 quod

197 1442 238 1486 ex
259 1419 338 1484 locis
361 1437 457 1504 snpra
480 1415 580 1482 allatis
603 1423 708 1502 patet,
732 1419 841 1480 nenias
864 1415 1090 1480 amulierculis
1114 1417 1316 1484 mercenariis
1339 1417 1486 1485 laudandi
1508 1419 1609 1505 gratia

197 1514 360 1602 canlitatas
383 1532 522 1608 carmina
544 1531 720 1610 incondita,
747 1531 959 1618 incomposita
982 1541 1138 1596 et·meras
1161 1553 1261 1618 nugas
1284 1531 1398 1609 inisse,
1424 1553 1490 1619 qno
1513 1533 1611 1600 modo

201 1650 415 1714 monumentis
448 1648 661 1714 maximorum
695 1645 838 1712 virorum
868 1644 998 1712 inscribi
1032 1654 1232 1732 potnerunt?
1263 1687 1301 1696 —
1327 1646 1390 1726 At,
1425 1649 1610 1736 priusquam

195 1763 293 1850 lapidi
308 1763 547 1843 inciderentur,
578 1783 595 1827 a
621 1761 696 1828 viris
720 1761 821 1828 doctis
844 1761 990 1828 excultae
1014 1771 1109 1848 atque
1125 1763 1285 1848 expolitae
1299 1774 1381 1829 sunt.
1400 1803 1441 1814 —
1458 1761 1523 1830 Sed
1543 1774 1611 1830 tum

197 1879 313 1944 neniae
338 1899 407 1943 esse
429 1877 603 1944 desierunt.
620 1913 669 1926 ·--
692 1874 825 1944 Accedit
848 1877 933 1964 qnod
949 1877 982 1942 in
1007 1874 1192 1964 Scipionum
1226 1879 1397 1965 sepulcris,
1432 1881 1464 1945 in
1496 1879 1612 1967 quibus

194 2015 269 2060 sane
292 1993 378 2059 nulla
401 1993 627 2060 vilissimorum
650 1993 778 2058 illorum
802 1993 977 2058 carminum
1001 1993 1132 2078 vestigia
1167 1985 1429 2081 deprehenderis,
1464 2017 1523 2061 nec
1553 1993 1607 2061 Gi-

195 2129 288 2184 cero,
313 2107 527 2185 melisius,
551 2129 609 2174 nec
632 2108 711 2174 alius
735 2107 902 2194 quisquam
926 2108 1082 2194 scriptor,
1107 2108 1162 2194 qui
1185 2118 1465 2175 monumentorum
1482 2109 1606 2198 Scipio-

137 2229 140 2237 “
194 2245 273 2290 num
295 2225 486 2290 mentionem
509 2223 598 2300 iacit,
623 2221 685 2288 tale
708 2223 784 2310 qnid
806 2223 925 2288 laetum
949 2244 1018 2288 esse
1039 2223 1152 2288 innuit.
1199 2222 1240 2289 Et
1262 2245 1326 2290 non
1350 2225 1452 2290 solum
1487 2225 1527 2290 de
1549 2225 1609 2292 hn-

192 2341 242 2406 ius
263 2333 398 2406 familiae
422 2339 600 2406 clarissimis
628 2339 842 2404 monumentis
871 2339 929 2404 hac
960 2338 1000 2404 de
1030 2359 1067 2404 re
1098 2337 1195 2404 altnm
1222 2341 1415 2427 scriptorum
1449 2342 1607 2408 silentium

194 2465 255 2530 est,
289 2454 344 2520 sed
373 2455 467 2520 etiam
496 2475 653 2541 nusquam
682 2454 757 2519 alias
790 2454 874 2540 apud
897 2452 1058 2520 Romanos
1091 2476 1232 2542 unquam
1260 2456 1368 2522 nenias
1391 2457 1605 2523 monumentis

190 2569 422 2636 inscriberein
445 2590 533 2634 more
564 2569 662 2634 fuisse
685 2570 859 2635 memoriae
886 2569 1042 2656 proditur.
1091 2569 1258 2658 Quotquot
1285 2571 1425 2658 lapidum
1455 2570 1495 2636 ab
1525 2571 1607 2638 anti-

191 2681 350 2771 quissimis
372 2685 446 2751 inde
481 2681 678 2771 temporibus
711 2705 813 2771 usqne
846 2684 886 2750 ad
921 2687 1044 2753 saecula
1082 2685 1260 2754 Christiana
1292 2709 1310 2752 e
1341 2696 1424 2753 terra
1457 2687 1607 2754 etlossnm

190 2809 255 2876 est,
279 2801 367 2865 varia
389 2800 517 2887 quidem
539 2801 664 2888 pietatis
688 2809 720 2865 et
743 2801 860 2866 amoris
883 2801 972 2887 signa
996 2811 1028 2866 et
1050 2801 1150 2876 dieta,
1176 2803 1273 2869 multa
1299 2803 1430 2889 insuper
1460 2802 1605 2870 versibus

189 2912 369 3004 dactylicis,
394 2915 554 3000 elegiacis,
581 2914 762 2990 trochaicis,
786 2915 927 2982 iambicis
952 2917 1131 3004 conscripta
1156 2929 1353 2984 emerserunt
1366 2919 1400 3004 ‚¹)
1428 2918 1484 2984 sed
1508 2903 1605 2996 nulla,

187 3053 272 3118 qnae
285 3030 335 3097 'ad
358 3032 616 3098 veteres''nenias
640 3031 818 3117 pertineant
842 3032 891 3096 vel
913 3031 981 3097 illas
1004 3053 1145 3120 unquam
1160 3033 1402 3120 inscriptionum
1417 3035 1489 3098 loco
1503 3033 1602 3100 brisce

189 3145 417 3228 confirment.²)

281 3257 347 3326 Sed
371 3258 410 3324 de
433 3259 532 3326 neniis
554 3261 727 3341 hactenus;
749 3262 813 3328 iam
837 3272 961 3349 tempus
986 3274 1052 3338 est,
1076 3263 1117 3328 ad
1138 3263 1171 3328 id
1195 3263 1282 3350 quod
1296 3263 1504 3342 instituimus,
1527 3285 1602 3351 per·

189 3395 276 3462 gere.

277 3488 366 3557 Nihil
389 3491 489 3577 igitur
512 3513 552 3564 cx
585 3493 643 3558 hac
673 3495 816 3581 speciosa
838 3492 1010 3560 Niebuhrii
1041 3495 1196 3582 sententia
1230 3495 1309 3560 certi
1342 3495 1506 3581 enavigat,
1542 3495 1602 3560 nisi

186 3605 267 3686 hoc,
289 3605 360 3672 fieri
382 3608 538 3694 potuisse,
571 3619 608 3674 nt
631 3609 734 3694 elogia
764 3620 1046 3676 monumentorum
1069 3607 1255 3695 Scipionum
1286 3610 1434 3698 rhythmo
1463 3611 1599 3697 quodam

187 3721 256 3787 sive
280 3720 422 3788 versibus
445 3723 625 3810 conscripta
649 3735 761 3790 essent.
810 3723 905 3806 Quod
928 3746 1003 3790 num
1027 3747 1103 3792 vere
1125 3724 1244 3792 factum
1267 3725 1324 3802 sit,
1357 3725 1603 3812 primum'nnnc

291 4009 311 4072 ¹)
351 4009 393 4062 Gi.
408 4011 569 4074 sepulcralia
582 4011 652 4075 apud
668 4011 744 4062 Orati.
758 4014 880 4076 inscript.
893 4015 927 4066 11.
936 4015 999 4065 Nro.
1009 4014 1079 4066 tent
1089 4029 1145 4081 sqq.
1155 4033 1162 4077 ;
1174 4016 1265 4080 Meyer
1277 4015 1378 4066 anthol.
1387 4011 1453 4067 Nro.
1462 4015 1536 4066 itta
1544 4029 1602 4082 sqq·

287 4093 312 4162 2)
349 4100 445 4149 Virum
464 4100 653 4150 doctissimum
671 4101 699 4150 in
717 4101 769 4151 hac
787 4115 817 4152 re
836 4103 1032 4155 adsentientem
1044 4105 1132 4155 habeo
1145 4119 1198 4155 non
1210 4117 1357 4169 quemque,
1371 4105 1419 4155 sed
1431 4119 1501 4164 enm,
1515 4119 1597 4170 quem

182 4185 309 4248 equidem
327 4188 435 4250 plurimi
454 4188 540 4246 iaeio,
558 4190 678 4253 Zellimrt,
698 4189 745 4254 qui
763 4190 791 4239 in
809 4190 898 4242 libro:
917 4193 1146 4244 Foriensohriiten
1163 4196 1196 4245 11.
1216 4208 1241 4258 p.
1262 4193 1314 4244 187
1339 4196 1367 4246 in
1389 4197 1462 4246 hune
1492 4199 1603 4248 modum

186 4271 331 4324 disseruit:
351 4276 460 4337 „Keine
479 4278 662 4329 Nacbrichten
682 4279 781 4330 deuten
799 4280 897 4330 durani
912 4282 973 4338 hin,
1001 4283 1063 4333 dass
1091 4284 1151 4333 eine
1172 4284 1264 4334 solche
1282 4283 1461 4349 huwendnng
1483 4286 1531 4336 der
1549 4287 1599 4338 Ne·

191 4360 255 4410 nien
275 4362 317 4412 bei
335 4363 488 4430 dbiassnng
507 4366 556 4416 der
574 4367 782 4418 Grabschritien
801 4369 1002 4434 stattgesunden
1020 4372 1098 4422 habe.
1135 4373 1344 4424 DeriJmstand
1368 4374 1450 4432 aber,
1479 4375 1539 4424 dass
1559 4375 1604 4424 die

181 4448 391 4504 Grabrchriiten
404 4455 454 4504 der
467 4455 613 4518 Scipionen
631 4458 659 4508 in
672 4460 776 4510 Versen
794 4459 931 4524 abgeiasst
950 4461 1027 4523 sind,
1047 4461 1215 4512 entscbeidst
1232 4463 1292 4512 hier
1308 4464 1414 4524 nichts3
1433 4464 1503 4514 donn
1521 4464 1601 4528 ehge-

181 4539 265 4590 schcn
285 4540 389 4608 daven,
410 4543 475 4592 dass
493 4543 648 4610 iiberhaupt
666 4547 710 4598 die
728 4549 877 4600 metriscbe
889 4550 970 4599 Form
989 4551 1016 4599 in
1035 4564 1066 4600 so
1084 4551 1174 4601 vielen
1192 4551 1287 4602 Fiden
1305 4566 1359 4602 von
1376 4553 1438 4603 dem
1449 4551 1602 4602 Alterthnm

182 4627 229 4676 sair
246 4630 411 4682 insobrilien
430 4632 548 4696 gewihlt
567 4637 675 4700 wnrde,
695 4650 725 4688 so
753 4651 846 4689 waren
868 4638 1076 4690 Grahsehriiten
1102 4641 1130 4689 in
1155 4641 1257 4690 Varsen
1280 4641 1325 4692 bei
1352 4643 1403 4693 den
1420 4642 1540 4693 lidmern
1563 4643 1601 4692 im

185 4715 365 4851 qitgemeinon
384 4720 543 4782 Gebrnnch.
562 4726 615 4776 wie
635 4739 666 4776 so
684 4727 754 4778 niele
772 4728 952 4786 Denkmiiler,
976 4739 1055 4779 wenn
1074 4729 1144 4780 anch
1163 4727 1271 4780 sreilich
1289 4730 1365 4781 nicht
1384 4744 1431 4782 ans
1451 4745 1481 4781 so
1505 4730 1600 4781 triiher

206 4804 257 4862 eit,
275 4806 420 4861 beneisen.
