3666 5544
797 417 1008 478 „24-

196 579 284 652 dam,
319 580 456 666 scriptus
487 590 533 646 est
566 580 673 646 titulus
705 601 769 646 uon
801 580 930 667 antiqua
963 580 1137 667 scriptura,
1170 592 1241 668 apta
1265 582 1338 648 huic
1363 585 1514 670 tempori,
1552 585 1607 652 sed

193 693 335 782 vulgari,
372 717 454 782 quae
476 704 586 782 postea
610 696 642 760 in
665 717 727 762 usu
750 707 837 772 erat,
873 717 936 784 qua
959 696 1051 762 etiam
1075 695 1183 762 Livius
1207 699 1323 772 utitur,
1354 699 1380 764 si
1402 699 1478 786 ipsis
1502 699 1608 766 verhis

192 809 409 896 antiquissima
432 810 563 876 foedera
587 820 617 875 et
633 809 786 876 formulas
802 810 937 891 referttl
985 809 1091 876 Lusus
1115 811 1212 897 igitur
1234 813 1351 900 ingenii
1375 835 1444 881 esse
1469 813 1602 888 ridetur,

195 923 277 990 Livii
301 924 397 990 verba
421 925 644 992 innumerum
669 923 856 991 Saturnium
881 946 1006 1011 cogere.

387 1149 427 1214 8.
473 1152 683 1226 Inscriptio
705 1152 850 1226 Pyrrhi
873 1155 980 1228 regts
1003 1152 1114 1227 Epiri
1139 1149 1198 1229 (a.
1222 1167 1260 1214 u·
1284 1150 1409 1233 473).

284 1295 439 1362 Proxime
462 1296 600 1371 accedit,
633 1298 659 1362 si
683 1298 834 1384 temporis
865 1298 1019 1363 rationem
1048 1298 1159 1373 hahes,
1195 1298 1234 1364 ad
1258 1297 1436 1366 Cincinnati
1467 1301 1606 1367 tabulam

195 1411 311 1501 Pyrrhi
343 1413 427 1498 regis
459 1413 568 1478 titulus
599 1414 632 1476 in
664 1413 781 1498 templo
817 1411 901 1478 lovis
932 1410 1094 1478 Tarentini
1124 1413 1247 1479 affixus.
1295 1413 1493 1502 Quamquam
1519 1416 1609 1482 iustis

196 1539 323 1593 centum
347 1528 436 1592 annis
460 1527 499 1592 ah
523 1549 559 1592 ea
584 1527 686 1592 distat.
734 1525 833 1593 Cuius
858 1528 897 1592 de
921 1529 1045 1614 origine
1069 1529 1144 1592 haec
1168 1503 1341 1596 memoriae
1365 1530 1490 1616 prodita
1522 1541 1605 1596 sunt.

195 1642 276 1708 Post
305 1643 462 1730 proelium
491 1643 530 1708 ad
561 1640 658 1714 Sirim
686 1643 769 1708 inter
791 1641 982 1708 Pandosiam
1007 1654 1037 1708 et
1061 1642 1249 1709 Heracleam
1273 1645 1390 1710 factum
1417 1646 1461 1730 (a.
1485 1668 1516 1710 u.
1541 1649 1610 1710 473

194 1755 288 1844 Cap.)
320 1758 465 1846 Pyrrhus
498 1759 602 1823 victor
642 1767 763 1845 partem
793 1759 928 1844 praedae
960 1761 990 1822 iu
1024 1759 1141 1844 templo
1173 1757 1275 1834 lovis,
1313 1761 1419 1825 multis
1450 1759 1611 1846 quondam

194 1873 286 1939 donis
315 1874 430 1960 insigni
440 1875 474 1958 ,²)
508 1873 594 1961 quod
626 1883 693 1939 erat
721 1874 754 1938 in
777 1875 918 1960 acropoli
941 1872 1028 1938 urhis
1053 1871 1261 1949 Tarentinae,
1293 1876 1502 1940 consecravit.
1549 1873 1612 1942 Cui

194 1989 297 2063 dono,
333 1999 466 2056 auctore
494 1988 655 2071 Orosio,³)
690 1989 773 2054 huuc
806 1989 931 2054 titulum
964 1988 1060 2054 lecit:
1097 2032 1112 2068 „
1128 1993 1188 2069 Qui
1219 2001 1287 2054 unte
1320 1993 1376 2055 lace
1403 1995 1505 2056 invicti
1529 1995 1612 2074 suere

193 2109 266 2179 uiri,
286 2118 375 2188 puter
398 2110 506 2189 optime
530 2109 664 2188 Olympi,
688 2109 814 2189 hesepe
839 2109 872 2169 irs
893 2127 999 2188 pupae
1020 2109 1079 2169 eici
1099 2109 1251 2188 metusque
1273 2128 1339 2170 sum
1358 2109 1396 2171 oh
1423 2108 1547 2170 isdem«

285 2218 356 2302 Qua
379 2220 419 2285 de
441 2241 479 2285 re
502 2241 561 2285 nec
584 2230 649 2300 est,
674 2219 761 2306 quod
785 2220 902 2286 Orosio
926 2217 1019 2284 lidem
1043 2218 1260 2292 detrahamus,
1285 2240 1355 2284 nam
1379 2218 1540 2308 Pyrrhum
1563 2221 1612 2286 lu-

200 2335 446 2404 culentissimam
473 2334 607 2421 praedae
624 2344 752 2421 ‘partem
783 2332 853 2399 Diis
877 2355 1064 2398 consecrare
1088 2334 1219 2398 solitum
1243 2355 1331 2411 esse,
1368 2335 1429 2400 alio
1459 2335 1612 2401 docemur

196 2451 388 2538 exemploff)
424 2472 483 2516 nee
505 2449 689 2524 abnuerim,
721 2470 794 2514 eum
816 2447 1024 2524 Plutarchus,
1055 2450 1144 2514 cuius
1169 2448 1245 2514 fides
1281 2449 1398 2541 pendet
1427 2472 1468 2516 ex
1491 2448 1610 2516 Hiero-

200 2567 286 2656 nymi
310 2563 475 2642 Gordiani,
499 2563 646 2654 Dionysii
668 2563 956 2630 Halicarnassensis
980 2573 1011 2630 et
1034 2562 1202 2654 Phylarchi
1225 2566 1431 2646 auctoritate,
1455 2565 1548 2631 huius
1564 2565 1608 2631 rei

197 2682 391 2748 mentionem
415 2701 479 2746 non
502 2680 613 2756 faciat,
650 2678 800 2745 Orosium
824 2679 964 2744 hausisse
988 2701 1006 2744 e
1028 2677 1137 2752 Livio,
1173 2701 1267 2767 quem
1297 2689 1425 2766 praeter
1454 2667 1610 2746 Iustinum

202 2796 507 2884 praestantissimum
537 2796 604 2861 eius
637 2794 794 2861 exstitisse
817 2793 938 2859 loutem
962 2795 1010 2859 vir
1034 2794 1160 2880 quidam
1184 2794 1296 2860 doctus
1320 2789 1613 2882 uberrima‘dispu-

199 2915 318 2980 tatione
342 2933 445 2998 nuper
469 2911 731 2992 demonstravit.⁵l
780 2907 948 2996 Namque,
985 2919 1020 2974 nt
1043 2909 1105 2975 hoc
1129 2931 1289 2991 moneam,
1319 2910 1402 2978 hunc
1426 2912 1550 2978 titulum
1573 2933 1615 2977 ex

560 3093 623 3100 ...-

306 3197 326 3267 ¹l
363 3199 529 3254 cetius
550 3201 591 3248 11.

305 3285 329 3352 2)
368 3289 467 3340 Strabo
485 3289 530 3338 vt.
548 3303 576 3352 p.
597 3285 650 3338 27ss
672 3287 730 3338 Cas.

302 3375 325 3442 3)
362 3377 512 3428 Editiouem
532 3376 633 3428 contuli
655 3377 807 3440 principem
832 3375 981 3440 (Augustae
1001 3376 1094 3442 1471),
1115 3379 1142 3427 in
1161 3391 1213 3442 qua
1232 3377 1510 3440 statuminum
1528 3374 1609 3423 rerba

196 3470 236 3518 sic
254 3469 400 3532 leguntur:
431 3467 505 3518 »Sed
526 3450 646 3531 pirrhus
661 3467 830 3518 atrocitatem
850 3466 950 3528 eladis,
975 3480 1054 3530 quam
1074 3467 1102 3516 in
1121 3467 1172 3516 hoc
1198 3467 1271 3516 hello
1297 3472 1453 3530 exceperat,
1479 3463 1529 3514 diis
1555 3462 1611 3512 suis

199 3557 408 3620 hominibusque
426 3559 540 3605 testatus
560 3559 616 3614 est;
644 3554 756 3620 affigens
776 3555 883 3606 titulum
903 3557 930 3604 in
951 3557 1051 3619 tempto
1070 3556 1197 3605 tarentini
1217 3556 1302 3620 ioris,
1327 3556 1353 3604 in
1373 3569 1425 3618 quo
1444 3556 1511 3604 haec
1530 3551 1612 3614 scrip·

196 3647 245 3696 sit:
263 3645 310 3709 qui
328 3650 391 3694 ante
410 3644 459 3692 hac
478 3643 571 3694 invicti
590 3643 659 3692 sueri
680 3644 743 3707 viri,
763 3651 840 3708 pater
858 3645 959 3707 optime
978 3644 1085 3706 olimpi,
1111 3646 1159 3693 hos
1179 3657 1229 3708 ego
1249 3644 1275 3692 in
1294 3656 1382 3706 pugna
1404 3644 1459 3691 vici
1475 3643 1614 3704 victusque

197 3747 257 3784 sum
276 3733 309 3782 ab
329 3733 442 3783 hisdem.
479 3732 514 3782 at
533 3747 594 3781 cum
614 3745 630 3781 a
649 3733 729 3782 sociis
749 3733 951 3796 increparetur,
976 3746 1024 3781 eur
1044 3745 1073 3782 se
1091 3733 1192 3782 rictum
1211 3733 1314 3782 diceret
1340 3733 1385 3796 qui
1410 3732 1532 3793 vicisset,
1562 3742 1611 3778 res·

197 3823 324 3886 pondisse
343 3820 445 3872 fertur:
466 3834 499 3872 ne
518 3835 568 3884 ego
588 3821 611 3871 si
630 3821 728 3872 iterum
747 3822 842 3872 eodem
861 3821 942 3871 modo
962 3822 1054 3871 vicero
1075 3821 1134 3870 sine
1153 3820 1207 3870 ullo
1227 3821 1313 3872 milite
1332 3821 1438 3884 epirum
1466 3817 1612 3870 revertant

197 3913 228 3961 lu
247 3911 366 3961 editione
385 3911 477 3960 Venet.
498 3909 567 3960 1500
586 3910 682 3960 titulus
701 3911 727 3958 iu
747 3911 818 3960 hunc
836 3911 947 3960 modum
967 3910 1083 3973 scriptus
1102 3915 1160 3959 est:
1186 3910 1248 3974 „qui
1274 3915 1336 3958 ante
1357 3909 1407 3958 hae
1426 3907 1503 3958 tuere
1522 3907 1615 3958 invicti

196 4001 261 4055 viri,
281 4004 359 4062 pater
378 4001 480 4062 optime
494 3998 613 4063 Olympi,
633 3999 683 4048 hos
702 4012 753 4062 ego
771 3999 798 4048 in
818 4013 906 4063 pugna
924 3999 978 4049 vici
996 3999 1138 4062 victusque
1157 4012 1216 4046 sum
1235 3998 1268 4045 ab
1289 3997 1415 4070 eisdem«
1444 3997 1540 4045 Pardus
1550 3995 1615 4044 Diu·

197 4102 274 4137 conus
301 4087 414 4137 eandem
440 4101 497 4138 rem
525 4101 556 4138 ex
584 4086 680 4137 Orosio
707 4089 828 4152 repetiit,
857 4089 928 4152 apud
949 4100 1045 4153 quam,
1075 4089 1103 4137 in
1122 4086 1242 4136 editions
1270 4086 1365 4135 saltem
1384 4083 1525 4134 Basiliensi
1546 4080 1616 4134 1569

198 4178 244 4227 tih.
263 4179 296 4230 11.
315 4192 341 4240 p.
359 4177 408 4238 72,
430 4178 512 4226 verba
530 4177 602 4226 tituli
621 4176 660 4226 sic
679 4178 785 4239 scripta
805 4183 881 4240 sunt,
910 4183 938 4225 ut
957 4178 1045 4226 editor
1064 4176 1278 4224 hexametrorum
1298 4173 1360 4222 loco
1379 4185 1409 4222 aa
1429 4172 1558 4222 hahuisse
1578 4171 1615 4221 ri-

199 4267 300 4315 deatur.
341 4266 412 4327 „Sed
433 4265 552 4329 Pyrrhus
572 4265 743 4316 atrocitatem
762 4265 863 4322 cladis,
882 4277 962 4328 quam
981 4264 1034 4314 hoc
1053 4263 1125 4313 bello
1147 4267 1305 4326 exceperat,
1330 4261 1381 4310 diis
1408 4261 1463 4312 suis
1489 4260 1615 4311 omnihus

199 4361 312 4406 testatus
330 4361 384 4409 est,
403 4353 512 4419 affigens
531 4353 640 4404 titulum
659 4354 686 4402 in
705 4353 806 4416 templo
825 4352 965 4402 Tarentini
983 4351 1074 4408 Joris,
1093 4351 1121 4399 in
1140 4365 1194 4415 qno
1212 4351 1280 4400 haec
1298 4350 1424 4414 scripsit:

480 4443 532 4504 Qui
552 4442 646 4492 invicti
666 4447 728 4490 anta
746 4441 822 4492 tuere
842 4442 894 4491 riri
913 4446 990 4504 pater
1008 4440 1110 4503 optima
1128 4439 1237 4503 Olympi

481 4532 537 4581 ilos
555 4536 582 4581 et
600 4543 651 4594 epo
670 4530 696 4580 iu
715 4543 803 4594 pugna
824 4529 876 4578 vici
895 4530 1039 4592 rictusque
1057 4542 1115 4578 sum
1143 4528 1177 4578 ab
1197 4527 1320 4579 iisdem«

306 4616 330 4682 ⁶²)
368 4619 504 4692 Plutarch.
525 4619 620 4683 Pyrrh.
639 4619 683 4670 26.

306 4705 329 4772 ⁵)
368 4709 460 4759 Theod.
479 4710 510 4758 de
529 4709 649 4761 ttoencr
668 4707 701 4756 de
720 4705 810 4757 Orosii
830 4706 885 4756 rita
904 4707 1014 4770 eiusque
1032 4705 1207 4756 historiarum
1233 4705 1309 4756 tihris
1334 4706 1392 4756 vti.
1420 4703 1549 4754 adversus
1568 4715 1613 4768 pa-

201 4812 291 4862 ganos.
329 4799 417 4848 Berol.
438 4796 513 4846 tata.
