3666 5544
838 431 1054 490 -10,

227 599 433 673 factumest,
466 607 502 664 ut
524 594 775 683 unumquodque
799 594 1009 682 poematium,
1043 593 1213 680 quoderat
1232 592 1402 678 exiguum,
1436 599 1548 662 tenue,
1574 589 1645 663 vile,

229 726 340 803 postea
363 713 456 779 uenia
479 711 678 796 diceretur.¹)

316 826 353 896 Si
375 829 472 914 igitur
496 828 622 904 neniae,
659 824 773 912 quibus
806 825 978 912 antiquitus
1010 822 1095 910 apud
1116 820 1279 890 Romanos
1303 829 1448 886 mortuos
1471 837 1648 905 proseque-

226 945 359 1026 bantur,
394 943 466 1010 vilia
497 941 652 1030 quaedam
676 941 813 1006 carmina
844 948 955 1013 erant,
986 961 1004 1004 a
1027 938 1219 1004 mulierculis
1243 935 1425 1023 vulgaribus
1448 934 1549 1020 {dicta
1576 932 1649 1000 iure

227 1061 339 1148 aliquis
368 1059 429 1126 illis
459 1059 543 1124 inter
566 1057 723 1133 carmina,
758 1077 839 1142 quae
862 1055 1011 1120 dicuntur
1033 1053 1198 1140 popularia
1221 1062 1252 1117 et
1275 1051 1423 1126 trivialia,
1459 1051 1567 1120 locum
1597 1077 1649 1121 as-

227 1175 408 1262 signaverit.
456 1172 569 1254 Qualia
598 1181 704 1238 autem
728 1171 862 1245 luerint,
897 1169 991 1235 bodie
1019 1169 1074 1234 vix
1101 1167 1277 1234 accuratius
1308 1165 1370 1232 dici
1396 1176 1522 1251 polest,
1558 1169 1647 1237 nullo

228 1292 295 1357 eins
317 1290 444 1370 generis
468 1289 615 1374 exemplo
649 1295 801 1352 exstante.
847 1283 918 1352 Nec
941 1305 980 1350 eo
1003 1284 1107 1350 secius
1130 1282 1170 1348 de
1192 1282 1253 1348 illis
1276 1281 1500 1364 cogitationem
1523 1283 1583 1349 sibi
1600 1284 1648 1351 in·

228 1404 379 1472 formavit
403 1405 451 1469 vir
474 1403 743 1490 ingeniosissimus
765 1399 980 1476 Niebubrius,
1013 1399 1086 1486 qui,
1122 1397 1197 1464 dum
1220 1397 1328 1462 uenias
1352 1417 1423 1462 cum
1454 1398 1645 1466 carminibus

229 1521 305 1588 olim
326 1521 360 1586 in
391 1519 491 1606 epulis
515 1518 554 1583 de
578 1518 737 1584 clarorum
760 1517 903 1583 virorum
926 1514 1073 1582 laudibus
1096 1512 1251 1579 cantitatis
1275 1512 1451 1597 componit,
1480 1535 1519 1579 eo
1542 1535 1641 1602 usquc

227 1635 372 1724 procedit
394 1635 610 1709 coniecturae,
647 1643 681 1700 ut
705 1632 782 1698 baec
812 1633 881 1718 ipsa
903 1631 1043 1698 carmina
1066 1630 1105 1696 de
1128 1628 1287 1695 clarorum
1321 1628 1464 1694 virorum
1500 1629 1641 1696 laudibus

230 1762 327 1838 atque
359 1748 530 1816 virtutibus
553 1749 658 1816 multis
692 1749 825 1816 saeculis
855 1758 927 1814 ante
962 1745 1091 1812 Catonis
1126 1752 1259 1810 aetatem
1294 1743 1441 1808 cantitata
1474 1765 1513 1808 ex
1548 1744 1645 1810 neniis

228 1867 367 1953 primum
400 1865 545 1952 profecta
580 1886 648 1932 esse
682 1863 773 1930 dieat.
819 1861 937 1951 Neque
965 1864 1009 1928 ita
1035 1861 1087 1926 illa
1111 1858 1249 1926 carmina
1273 1858 1469 1939 convivalia,
1505 1879 1645 1945 quorum

228 1982 390 2050 interitum
415 1978 529 2046 Cicero
552 1988 744 2067 conquestus
766 1979 821 2058 sit,
844 1999 977 2066 prorsus
999 1977 1155 2044 interiisse
1176 1972 1280 2050 addit;
1315 1973 1347 2040 in
1374 1973 1527 2061 sepulcris
1559 1975 1645 2040 enim

233 2086 420 2176 Scipionum
444 2109 554 2153 versus
580 2096 722 2163 exstare,
746 2085 801 2173 qui
825 2096 934 2172 aperte
956 2087 1064 2152 nenias
1088 2087 1264 2172 talamum)

322 2201 509 2270 Cumulatae
532 2202 591 2267 bae
613 2203 697 2268 inter
719 2222 753 2266 se
777 2201 994 2276 coniecturae,
1026 2202 1053 2266 si
1076 2203 1201 2290 quaeris
1225 2224 1290 2290 quo
1313 2201 1518 2271 fundamento
1542 2205 1644 2270 nitan-

232 2328 302 2395 tur,
327 2318 417 2386 lacile
440 2317 638 2393 memineris,
663 2339 714 2383 eas
739 2338 812 2382 cum
834 2316 886 2382 illa
909 2317 1071 2384 notissima
1090 2315 1260 2384 Niebubrii
1283 2319 1439 2385 sententia
1461 2319 1645 2400 cohaerere,

233 2456 273 2500 ex
297 2455 359 2521 qua
381 2443 480 2499 totam
503 2433 715 2520 antiquiorem
738 2429 960 2498 Romanorum
983 2433 1146 2498 historiam
1170 2456 1188 2500 e
1215 2435 1405 2500 carminibus
1442 2435 1536 2522 epicis
1571 2457 1648 2503 con-

231 2559 351 2617 textam
375 2571 446 2616 esse
468 2548 576 2614 voluit.
624 2545 685 2613 Cui
717 2547 845 2634 quidem
868 2548 1057 2624 sententiae,
1087 2548 1234 2616 omnibus
1262 2549 1330 2616 fere
1363 2550 1558 2637 argumentis
1581 2549 1647 2615 bis-

234 2666 342 2732 toricis
366 2665 548 2740 destitutae,
573 2664 716 2750 quamvis
739 2663 855 2729 acriter
877 2663 1064 2745 inhaerens,
1088 2665 1206 2732 nemini
1228 2674 1333 2732 tamen
1359 2666 1523 2732 bominum
1538 2664 1650 2732 docto-

234 2803 326 2862 rum,
350 2781 437 2867 quod
459 2780 573 2857 sciam,
597 2779 722 2866 penitus
745 2779 911 2866 persuasit.
952 2777 1051 2846 Cuius
1074 2779 1114 2846 de
1136 2779 1316 2848 infirmitate
1333 2781 1407 2868 quia
1421 2781 1513 2848 multi
1527 2781 1648 2855 dixere,

339 3028 362 3095 1)
400 3030 484 3080 Plaut.
505 3030 603 3080 Bacch.
620 3029 647 3080 lt.
667 3030 692 3079 8.
712 3029 746 3080 to
766 3030 884 3080 soricina
902 3031 999 3091 nenia;
1025 3030 1119 3085 flerat.
1148 3031 1226 3095 epist.
1244 3033 1265 3084 I.
1291 3033 1317 3082 1.
1341 3029 1375 3080 db
1400 3042 1547 3094 puerorum
1570 3031 1649 3082 nenia

233 3116 319 3188 (unde
336 3120 453 3182 flesyeh.
471 3115 611 3184 νηνίατοςι
630 3112 821 3182 παιδαριώδης
838 3113 958 3188 νόμος);
976 3119 1079 3171 ΑιιιοΙι.
1097 3120 1128 3184 7,
1149 3121 1184 3172 32
1202 3121 1336 3170 nutricum
1355 3119 1429 3170 lenes
1448 3119 1561 3182 neuine;
1580 3119 1645 3170 flor.

232 3209 312 3272 epod.
334 3209 386 3266 17,
404 3205 440 3258 29
459 3213 487 3258 et
506 3207 585 3258 Ovid.
604 3211 655 3257 art.
674 3220 726 3257 am.
745 3206 1065 3271 2‚102Marsaneuia.
1101 3209 1216 3260 Phaedr.
1238 3210 1263 3261 3.
1283 3211 1309 3262 1.
1328 3210 1363 3258 10
1381 3208 1414 3258 de
1433 3206 1552 3260 fabulis:
1580 3207 1648 3259 viles

237 3309 341 3347 neniae.

341 3382 366 3450 ²)
402 3383 515 3437 niebuhr
533 3383 601 3435 rbm.
621 3383 719 3436 Gescb.
737 3385 783 3436 lte
801 3384 871 3435 dull.
891 3387 912 3439 1.
931 3381 983 3435 27⁰
1002 3400 1074 3451 sqq:
1093 3387 1174 3444 „Und
1193 3399 1223 3436 so
1241 3385 1369 3436 mdcbten
1386 3387 1452 3449 wir,
1476 3385 1547 3436 abne
1565 3396 1594 3434 es
1612 3395 1646 3431 zu

235 3475 386 3532 beacbteu,
406 3475 443 3523 im
461 3474 551 3524 Besita
571 3474 679 3524 solcher
698 3474 794 3525 Lieder
811 3471 884 3532 sein,
904 3474 948 3524 dle
968 3474 1063 3526 Cicero
1082 3475 1127 3526 sur
1145 3489 1212 3539 ganz
1232 3475 1357 3525 verloren
1375 3475 1498 3524 achtste:
1526 3473 1597 3524 deun
1614 3483 1647 3522 es

236 3563 304 3614 wird
325 3563 396 3612 doch
413 3563 489 3614 wohl
506 3564 587 3612 kaum
606 3563 651 3612 ein
669 3561 779 3613 zwetlel
798 3576 883 3626 gagen
902 3563 954 3612 den
974 3563 1121 3614 Gedanlren
1151 3564 1271 3614 erhoben
1297 3563 1408 3614 werden
1435 3563 1560 3636 kbnnen,
1586 3559 1648 3610 dass

235 3653 279 3702 die
298 3652 326 3702 in
344 3652 447 3702 Versen
466 3651 602 3714 gelassten
620 3651 785 3701 Inschrilten
803 3652 852 3702 aul
867 3652 919 3702 den
938 3652 1053 3702 ‘ailtesten
1073 3652 1175 3716 S'drgen
1194 3653 1222 3702 in
1249 3652 1297 3702 der
1322 3650 1403 3702 (lrult
1428 3653 1476 3703 der
1504 3651 1650 3714 Scipionen

235 3740 324 3791 nlobts
344 3739 441 3789 andere
460 3740 536 3803 sind,
556 3739 614 3802 als,
634 3740 673 3790 sei
692 3753 720 3790 es
741 3740 785 3790 die
802 3754 887 3804 ganzo
905 3741 1005 3804 Nauia,
1033 3741 1100 3790 oder
1118 3741 1167 3790 der
1184 3740 1291 3804 Aulang
1311 3741 1463 3791 desselben.
1499 3741 1531 3789 In
1557 3739 1650 3789 diesen

239 3827 482 3879 Gadenkscbrilten
501 3828 571 3892 zeigt
589 3828 648 3878 sloh
666 3830 726 3879 eine
744 3829 1021 3892 Elgentlriimliohkeit
1035 3829 1115 3892 J'eder
1133 3829 1327 3893 Volkspoesie,
1347 3829 1391 3879 die
1409 3839 1460 3878 vor
1474 3827 1545 3877 allen
1560 3827 1587 3876 in
1601 3827 1650 3877 der

237 3915 491 3981 nen-griechischen
509 3915 654 3966 anffallend
674 3919 748 3968 starlr
766 3918 937 3969 bervortritt.
962 3917 1052 3968 Ganze
1065 3919 1149 3968 Versa
1161 3919 1217 3968 und
1230 3917 1376 3968 (ledanken
1389 3917 1501 3968 worden
1512 3915 1651 3966 Elementa

236 4006 285 4056 der
295 4005 495 4056 dichterischen
508 4005 628 4069 Spraobe
645 4007 699 4058 wie
717 4007 839 4058 einzelne
850 4006 958 4068 Worte;
978 4008 1018 4057 sie
1035 4008 1123 4071 geben
1141 4021 1189 4057 aus
1208 4007 1350 4070 allgemeln
1362 4005 1545 4057 verbroiteten
1564 4004 1651 4054 tillem

237 4095 356 4146 Stiicken
374 4093 492 4144 biuiiber
510 4095 539 4144 in
557 4108 609 4145 nen
627 4096 817 4154 ontstebende,
834 4097 922 4160 geben
940 4096 1040 4155 ibnan,
1058 4109 1139 4149 wenc
1158 4097 1227 4146 auch
1246 4096 1294 4144 dar
1313 4093 1416 4158 Stlnger
1433 4094 1521 4144 elnam
1540 4103 1652 4156 grossam

236 4183 306 4233 Stoll
321 4185 396 4233 nicht
413 4183 528 4248 geniigt‚
548 4183 730 4235 dicbteriscbe
747 4186 834 4236 Farbe
852 4184 908 4234 und
921 4185 1065 4249 Haltung.u
1094 4184 1196 4235 Eodem
1209 4185 1267 4235 lere
1280 4184 1360 4233 modo
1373 4183 1496 4247 Hortuap
1508 4183 1591 4246 Relig·
1605 4175 1653 4230 de'r

235 4270 336 4322 llbmer
354 4273 374 4324 l.
394 4271 464 4323 289:
484 4273 595 4334 „Wenn
613 4286 642 4322 es
660 4273 730 4323 auch
749 4274 893 4324 immerbin
911 4274 1010 4336 gewiss
1029 4273 1078 4331 ist,
1103 4270 1168 4323 dass
1194 4273 1238 4324 dle
1255 4271 1360 4325 Naulen
1378 4271 1405 4322 in
1427 4271 1517 4322 vielsn
1534 4271 1627 4321 Pillen
1643 4303 1652 4329 ,

237 4360 326 4410 zumal
345 4361 393 4410 der
422 4362 531 4425 spatam
550 4362 621 4425 deit,
655 4361 742 4413 leores
769 4362 978 4428 Klagegescbrci
1006 4363 1062 4413 und
1088 4363 1281 4413 iibertriebeue
1307 4360 1492 4411 Lobrednerel
1516 4357 1654 4411 enthalten

237 4449 341 4507 haben,
359 4463 390 4500 so
408 4450 480 4500 lebrt
498 4451 570 4500 doch
589 4451 675 4502 sehon
694 4452 737 4501 dle
755 4452 900 4510 Vernunlt‚
921 4453 983 4502 dass
1002 4453 1046 4501 dle
1058 4451 1201 4502 Lobliedor
1220 4450 1328 4502 solcber
1340 4450 1469 4514 albunea,
1488 4462 1543 4498 von
1565 4447 1654 4495 denen

237 4539 379 4589 wircklieh
399 4539 573 4590 Rilhmliehes
592 4554 626 4589 zu
644 4541 801 4591 vermelden
821 4555 894 4596 war,
919 4541 989 4591 auch
1007 4541 1055 4591 der
1074 4541 1178 4594 Wiirde
1197 4541 1269 4591 ihtes
1287 4541 1391 4592 Lebens
1411 4547 1587 4602 angemsssan
1605 4545 1649 4597 ge·

238 4627 438 4691 natanaelem
467 4628 524 4678 und
543 4629 615 4678 dann
633 4629 742 4680 konnen
771 4631 810 4680 sis
828 4631 886 4682 sich
906 4631 975 4680 auch
993 4630 1067 4681 wohl
1086 4631 1122 4681 lm
1142 4629 1339 4681 Gedlcbtnisse
1361 4629 1408 4678 des
1426 4623 1509 4674 Vollts
1532 4621 1655 4672 erbalten

242 4717 339 4768 baben.
376 4717 436 4766 Und
455 4717 547 4768 biebei
565 4731 623 4768 war
641 4731 703 4768 man
722 4721 960 4783 gewissermassen
979 4733 1143 4785 gezwnugen
1164 4719 1211 4771 der
1223 4717 1375 4771 vorlabren
1391 4727 1427 4765 au
1439 4712 1593 4778 gedanken,
1612 4710 1656 4762 ds·

238 4819 286 4856 ren
304 4805 451 4870 Tugenden
472 4807 568 4858 immor
586 4807 635 4858 dor
653 4808 775 4862 Maestab
794 4809 849 4860 und
868 4810 917 4860 das
935 4809 1048 4860 Vorblid
1067 4807 1112 4860 l'rir
1130 4809 1174 4860 dle
1192 4810 1306 4874 Splitern
1324 4804 1460 4857 blieben.“
