3666 5544
827 457 1041 518 ...29-

220 654 283 699 uus
309 627 497 698 Saturnium
527 638 676 693 constare
710 624 790 688 dixit
821 621 930 688 clauda
961 632 1049 707 parte
1073 621 1198 687 dimetri
1219 623 1363 699 iambici,
1398 627 1511 694 iunctis
1534 629 1635 698 tribus

222 746 391 814 trochaeis.
436 743 548 809 Paullo
580 741 681 806 fusius
714 760 772 804 nec
803 747 908 803 tamen
939 738 1046 824 inepte
1074 735 1196 803 Marius
1224 738 1405 806 Victorinus
1429 753 1493 808 tres
1515 745 1635 829 primos

221 863 319 951 pedes
345 871 376 926 et
401 857 594 945 semipedem
618 854 734 922 habere
758 876 798 918 ox
822 862 913 939 parte
936 853 1037 938 prima
1062 852 1205 927 dimetri,
1230 855 1369 942 reliquos
1393 879 1470 923 vcro
1493 868 1557 925 tres
1580 882 1636 947 pe-

222 980 279 1045 des
304 1000 322 1042 a
345 985 434 1062 parte
458 974 561 1060 prima
584 970 727 1058 quadrati
751 968 862 1054 tragici
885 967 1036 1034 trochaici
1052 971 1192 1054 exponit.
1238 969 1354 1036 Atilius
1370 971 1523 1060 denique,
1549 988 1635 1060 post·

220 1115 314 1182 quam
340 1113 413 1156 eum
441 1109 568 1154 versum
592 1089 748 1172 optimum
772 1105 841 1150 esse
865 1083 958 1163 dixit,
983 1105 1078 1168 quem
1102 1084 1163 1148 iam
1181 1081 1390 1152 Terentianus
1406 1099 1438 1152 et
1453 1086 1635 1156 Victorinus

219 1208 443 1278 laudaverant,
467 1213 582 1290 utpote
605 1223 623 1266 a
646 1198 783 1266 Metellis
805 1201 838 1264 in
854 1196 1014 1265 Naevium
1037 1198 1171 1274 factum,
1197 1199 1383 1266 Saturnium
1407 1214 1553 1270 constare
1577 1205 1635 1271 lin-

222 1327 265 1411 git
292 1345 331 1388 ex
348 1318 560 1406 Hipponactei
584 1315 728 1404 quadrati
752 1313 878 1379 iambici
900 1315 1079 1400 posteriore
1103 1325 1259 1381 commate
1283 1326 1314 1380 et
1335 1316 1504 1384 Phalaecio
1520 1331 1635 1387 metro.

227 1439 317 1521 Quod
342 1437 416 1502 satis
440 1455 589 1521 perverse
613 1441 709 1518 atque
732 1431 864 1497 confuse
888 1429 1006 1496 dictum
1023 1449 1092 1494 essa
1106 1432 1139 1494 in
1155 1439 1306 1517 promptu
1323 1443 1378 1498 est.
1425 1431 1531 1500 Nemo
1550 1437 1633 1502 enim

217 1575 360 1640 unquam
396 1549 655 1637 Hipponacteum
684 1546 872 1634 quadratum
900 1545 1070 1611 iambicum
1101 1546 1198 1610 novit.
1247 1544 1486 1633 Hipponacteus
1519 1549 1634 1617 dicitur

215 1683 247 1737 et
272 1670 418 1734 trimeter
442 1665 594 1731 iambicus
620 1663 769 1728 claudus:

570 1819 764 1866 vssvss
793 1793 999 1873 lCssvss
1029 1795 1034 1873 l
1063 1793 1257 1863 :acc

215 1912 246 1966 et
273 1909 455 1965 tetrameter
479 1897 658 1964 trochaicus
681 1895 827 1968 claudus,
863 1893 953 1960 cuius
983 1893 1112 1958 ultimus
1142 1913 1197 1980 pes
1222 1915 1286 1960 non
1311 1905 1357 1960 est
1386 1897 1540 1970 creticus,
1577 1897 1633 1964 sed

216 2015 476 2104 palimbacchius:

460 2147 663 2214 ssvssC
689 2151 694 2224 Ι
720 2143 1153 2223 ssvssClssvssCl
1182 2167 1334 2212 μιν

219 2247 399 2327 Quadratus
424 2269 501 2312 vero
536 2257 583 2312 est
606 2254 791 2310 tetrameter
814 2243 1011 2308 catalecticus
1036 2254 1066 2308 et
1090 2243 1251 2309 trochaico
1276 2256 1308 2308 et
1329 2243 1466 2310 iambico
1497 2266 1630 2310 numero

216 2361 428 2448 compositus,
454 2384 548 2450 quem
572 2358 707 2427 Romani
732 2381 749 2424 a
773 2380 907 2424 numero
932 2358 1047 2444 pedum
1071 2359 1283 2444 septenarium
1308 2359 1472 2425 dicebant:

479 2494 695 2570 ssvssCl
726 2491 1361 2569 LvssCllssvssClssv„

479 2621 698 2688 vssvsst
724 2607 1155 2684 CssvssllCssvss
1186 2607 1190 2685 Ι
1216 2633 1365 2677 vav

303 2707 419 2776 Dicere
442 2711 540 2794 igitur
556 2709 656 2774 voluit
673 2706 810 2782 Atilius,
835 2710 975 2795 priorem
1000 2705 1142 2774 Saturnii
1165 2717 1288 2795 partem
1312 2720 1459 2776 constare
1483 2731 1501 2774 e
1525 2721 1630 2795 poste·

215 2827 302 2890 riorc
327 2835 483 2890 commate
507 2824 680 2890 tetrametri
705 2825 876 2890 catalectici
899 2823 1043 2898 iambici,
1077 2824 1143 2889 sive
1167 2823 1328 2910 quadrati,
1353 2826 1419 2891 sive
1442 2827 1621 2912 septenarii.

215 2939 279 3005 Sed
304 2962 367 3005 non
392 2941 495 3005 minus
519 2950 724 3026 praepostere
746 2940 848 3006 addit:
875 2984 891 3020 „
902 2953 932 3004 et
955 2940 1122 3007 Phalaecio
1146 2943 1278 3004 metro«
1327 2939 1512 3008 Phalaecius
1542 2944 1624 3008 enim

214 3077 341 3128 versus,
378 3057 431 3142 qui
462 3057 494 3118 in
530 3055 787 3140 logaocdicorum
822 3077 955 3120 numero
991 3055 1143 3132 habetur,
1178 3065 1225 3120 est
1259 3054 1429 3142 dactylicus
1463 3057 1628 3143 tripliciter

216 3172 393 3238 trochaicus
416 3171 605 3236 acatalectus
629 3192 701 3237 cum
725 3171 811 3249 basi,
835 3171 917 3246 sive,
939 3169 1084 3236 Romano
1110 3171 1247 3245 nomine,
1273 3167 1579 3259 Hendecasyllabus:

390 3387 394 3396 ,
624 3303 1254 3383 ἑἿΑὐυΔ-υζυ-’.Ξ
1517 3383 1520 3387 ι

303 3404 446 3488 Apparet
470 3401 569 3468 Atilio
593 3401 760 3468 dicendum
783 3403 900 3474 fuisse,
925 3402 1054 3466 alteram
1070 3399 1212 3468 Saturnii
1235 3412 1358 3488 partem
1381 3403 1540 3470 clausulae
1556 3426 1628 3470 ver-

218 3539 269 3583 sus
294 3515 450 3582 Phalaecii
483 3517 692 3603 respondere,
728 3518 787 3582 nisi
818 3516 902 3582 forte
933 3537 993 3602 pro
1028 3517 1248 3596 „Phalaecio‘l
1282 3517 1422 3584 scribere
1446 3520 1545 3584 voluit
1574 3531 1628 3585 aut

220 3656 292 3698 vere
315 3633 441 3719 scripsit
467 3632 639 3720 „Phattico
654 3637 681 3707 l,
709 3633 793 3720 quod
817 3633 901 3698 idem
926 3643 973 3699 est
989 3653 1025 3697 ac
1040 3631 1290 3721 lthyphallicum.
1339 3631 1404 3699 Sed
1420 3631 1535 3700 Atilius
1552 3636 1626 3700 dum

218 3747 312 3815 Marii
338 3747 507 3820 Victorini,
543 3770 637 3834 quem
661 3769 772 3834 presso
795 3748 875 3835 pede
899 3748 1059 3835 sequitur,
1096 3747 1272 3813 doctrinam
1302 3748 1334 3812 in
1365 3747 1509 3818 cellulam
1542 3773 1631 3817 suam

216 3887 390 3951 congerere
420 3875 516 3950 atque
547 3864 611 3929 suis
635 3864 748 3949 plumis
772 3864 888 3929 vestire
912 3863 1035 3937 studet.
1069 3863 1172 3928 omnia
1197 3863 1235 3928 ad
1259 3861 1431 3928 absurdum
1456 3866 1629 3951 perturbat.

303 3981 416 4046 Paullo
440 3980 557 4046 rectius
580 3980 642 4044 alio
666 3979 737 4045 loco
752 3979 773 4061 1]
800 3976 986 4046 Saturnium
1011 3980 1055 4044 sio
1076 3977 1245 4043 describit:
1275 3978 1393 4058 „habet
1409 3989 1513 4045 autem
1529 3983 1629 4067 prima

217 4108 306 4182 parte
333 4096 489 4162 iambicon
518 4093 676 4161 dimetron
706 4095 927 4174 catalecticou,
951 4097 983 4158 in
1007 4093 1144 4160 secunda
1171 4093 1352 4160 trochaicon
1376 4094 1534 4161 dimetron
1558 4097 1630 4164 bra-

218 4211 499 4298 chycatalecticon‚
532 4210 617 4297 quod
642 4223 672 4277 et
698 4208 937 4298 lthyphallicum
969 4209 1137 4275 diximus.“
1184 4206 1287 4283 Nam,
1318 4232 1470 4276 concesso
1500 4213 1627 4278 nomine

219 4325 343 4390 dimetri
367 4325 670 4415 brachycatalectici,
697 4348 806 4392 versus
831 4327 872 4390 ita
897 4313 1096 4412 comparatus
1121 4324 1171 4388 hic
1195 4335 1262 4388 est:

519 4444 552 4451 —-
768 4443 802 4452 -
892 4443 925 4452 -ι-
1288 4443 1321 4450 -ι

307 4554 381 4620 Hoc
404 4555 502 4638 igitur
526 4579 587 4622 non
611 4559 789 4625 inscienter.
830 4558 894 4626 Sed
918 4559 949 4623 in
967 4557 1301 4644 exemplisallerendis
1317 4557 1487 4624 admodum
1503 4559 1624 4628 fatuum

223 4689 254 4729 se
278 4669 416 4753 praebet.

225 4788 640 4807 Ἣ

328 4844 347 4908 Ι)
385 4847 411 4896 P.
430 4849 500 4898 2698
522 4851 547 4900 P.
