3666 5544
801 436 1020 497 ..33-

203 596 422 668 sacerdotibus
454 608 537 676 erat,
573 599 728 686 pervexit.
774 595 835 663 His
862 597 932 664 lere
963 597 1067 664 verbis
1090 595 1235 683 livius.¹)
1284 599 1379 681 Quod
1402 601 1520 667 lactum
1545 623 1619 668 cum

203 726 291 783 recte
314 713 420 781 nobile
444 714 626 792 videretur,
663 735 726 778 non
749 723 797 779 est
820 715 953 789 mirum,
984 713 1011 778 si
1039 713 1246 800 inscriptione
1269 737 1398 802 quoque
1422 715 1619 782 celebratum

205 842 263 898 est.
309 829 479 916 Inscriptio
503 829 674 896 admodum
696 829 814 904 lacera,
848 849 931 915 qnae
960 827 1083 896 Romae
1113 830 1275 918 quondam
1297 831 1329 896 in
1352 829 1495 898 Pantheo
1518 830 1616 898 fnisse

202 946 335 1022 dicitur,
360 954 463 1012 exstat
485 944 570 1032 apud
593 943 791 1028 orellium;2)
817 944 907 1011 euius
931 945 1111 1032 exemplum
1134 945 1217 1012 iufra
1240 945 1395 1032 scriptum
1419 957 1476 1014 est.

631 1109 638 1124 .
656 1109 664 1125 .
682 1108 690 1124 .
715 1079 885 1126 ansanus.
911 1078 1092 1126 cnrrronrv
1109 1111 1118 1126 .
1136 1109 1143 1126 .
1163 1112 1169 1126 .
1187 1111 1195 1126 .

628 1224 661 1240 ..
686 1193 824 1240 erasus.
849 1193 970 1241 carun.
990 1195 1141 1242 nunvxrr
1159 1225 1192 1240 ..

628 1339 661 1356 ..
686 1309 765 1366 ovs.
789 1309 900 1356 rrrvs.
926 1309 1111 1358 soeuuuus.
1136 1311 1179 1358 un

709 1425 853 1474 ususve.
879 1424 994 1472 ovum.
1019 1425 1095 1474 sior.
1122 1426 1247 1474 uanum

630 1570 663 1586 ..
688 1540 812 1586 suurn.
838 1539 957 1588 sacua.
982 1541 1035 1587 ur.
1059 1540 1218 1590 vrncrnns

632 1685 665 1702 ..
691 1655 761 1701 xrr.

292 1756 474 1819 Nicdulrlus
495 1750 578 1816 illam
602 1751 635 1816 in
658 1751 742 1817 buno
764 1749 896 1816 modum
918 1751 1105 1838 restituit:³)
1132 1749 1214 1819 Cum
1235 1753 1241 1836 l
1260 1752 1342 1820 Galli
1358 1753 1542 1824 obsiderent
1558 1753 1620 1822 Ca-

201 1866 347 1956 pitolium
368 1867 373 1949 Ι
393 1867 532 1953 virgines
554 1863 695 1932 Vestales
719 1863 821 1932 Caere
850 1865 980 1932 deduxit
999 1867 1005 1951 Ι
1025 1888 1114 1934 saera
1136 1877 1232 1955 atque
1254 1869 1334 1936 ritus
1356 1871 1523 1936 sollemnes
1547 1893 1588 1938 ne
1614 1881 1619 1950 Ι

204 1983 445 2069 negligerentur
468 1982 557 2049 curui
580 1980 640 2047 sibi
662 1980 771 2048 babuit
790 1983 794 2062 1
815 1979 898 2048 urbe
920 1992 1109 2069 recuperata
1131 2005 1220 2050 sacra
1244 1995 1275 2050 et
1299 1985 1435 2070 virgines
1454 1987 1459 2066 Ι
1480 1982 1618 2052 Romam

206 2097 344 2164 revenit.

293 2209 412 2300 Neque
434 2221 540 2279 tamen
563 2211 615 2277 bio
639 2211 707 2288 vir,
743 2212 799 2278 sed
830 2213 917 2279 solus
946 2215 1149 2298 Dilatzcrcsl)
1184 2211 1328 2282 versibus
1359 2212 1518 2282 Saturniis
1549 2237 1619 2282 eam

206 2336 354 2394 constare
376 2327 489 2394 voluit.
545 2327 641 2409 Quod
664 2327 789 2394 difficile
812 2337 895 2394 esset
916 2327 1071 2414 probatu,
1106 2329 1166 2396 uisi
1190 2330 1238 2396 vir
1260 2329 1374 2396 doctus
1397 2351 1416 2396 a
1438 2341 1617 2398 commento

204 2465 264 2509 suo
287 2441 559 2530 proficisceretur,
594 2440 757 2510 Romanos
787 2443 821 2508 in
849 2443 897 2508 bis
927 2443 1071 2510 versibus
1101 2443 1234 2532 syllabas
1264 2453 1387 2512 tantum
1418 2467 1615 2526 numerasse,

204 2579 310 2646 neque
334 2579 444 2624 earum
468 2567 616 2633 naturae,
651 2580 755 2646 neque
787 2569 935 2626 accentus
965 2560 1089 2626 ratione
1111 2559 1226 2626 habita.
1271 2559 1517 2646 Inscriptionem
1537 2581 1612 2628 vero

204 2683 319 2762 quarto
341 2673 430 2740 urbis
453 2673 581 2740 saeculo
605 2673 784 2742 confectam
807 2696 894 2756 esse,
917 2675 979 2740 iam
1003 2696 1109 2742 sermo
1133 2697 1199 2742 non
1220 2675 1312 2750 sinit,
1336 2676 1393 2762 qui
1414 2695 1481 2744 non
1503 2677 1542 2745 ad
1563 2699 1616 2744 ru·

204 2788 277 2856 dem
300 2787 469 2855 duodecim
492 2789 691 2866 tabularum,
716 2789 884 2856 columnae
906 2798 1080 2868 rostratae,
1105 2791 1327 2877 sepulcrorum
1349 2789 1537 2878 Scipionum
1551 2814 1620 2859 mo-

204 2902 296 2984 dum,
320 2903 377 2970 sed
400 2904 439 2970 ad
462 2905 649 2991 posterioris
674 2905 825 2992 temporis
847 2905 1040 2992 politiorem«
1054 2905 1174 2972 cultum
1197 2905 1415 2973 conformatus
1438 2918 1494 2974 est.
1543 2906 1619 2976 Sae-

204 3019 277 3085 culo
300 3018 470 3106 Augustae
493 3028 597 3086 ortam
621 3020 785 3098 coniicias,
821 3042 894 3086 eum
923 3021 957 3086 in
989 3019 1134 3087 Pantheo
1169 3021 1274 3088 locum
1305 3021 1451 3088 babuisse
1484 3021 1618 3090 dicatur.

205 3133 316 3216 Quare
338 3155 404 3200 non
428 3143 491 3211 est,
527 3157 586 3200 cur
614 3135 654 3201 ad
681 3135 766 3200 illam
794 3155 947 3202 numerus
970 3133 1139 3202 Saturnius
1163 3137 1398 3224 antiquissimus
1421 3137 1616 3204 adhibeatur.

205 3246 306 3317 Cuius
328 3250 377 3316 rei
399 3251 427 3316 si
449 3272 511 3338 qua
534 3271 628 3316 causa
649 3250 780 3332 luisset,
803 3249 948 3338 prolecto
972 3272 1037 3316 non
1059 3273 1094 3318 se
1117 3250 1318 3346 abstinuisset
1340 3253 1517 3318 aversibus
1540 3273 1618 3338 pan-

205 3363 318 3450 gendis
351 3365 400 3431 vir
427 3363 591 3432 Romanae
619 3365 813 3454 antiquitatis
846 3375 882 3433 ut
912 3367 1137 3454 peritissimus,
1170 3367 1215 3432 sic
1243 3367 1372 3453 plurimi
1394 3367 1560 3434 aestimans
1583 3375 1614 3432 et

127 3499 131 3507 ·
205 3475 432 3554 Saturniornru
456 3481 697 3548 amantissimus.
774 3485 781 3499 ²

545 3677 617 3743 16.
664 3681 876 3756 lnscrtptto
899 3681 957 3744 M.
981 3681 1092 3743 Furti
1116 3681 1286 3744 Camlllt.

293 3821 463 3900 Camillus,
497 3826 613 3892 vindex
642 3826 731 3892 urbis
760 3825 883 3894 Romae
914 3825 1053 3892 aGallis
1077 3836 1108 3892 et
1130 3827 1205 3894 inde
1227 3849 1342 3914 parens
1366 3829 1504 3915 patriae,
1540 3830 1618 3896 alter

206 3936 361 4008 Romulus
386 3940 596 4030 conditorque
619 3941 707 4008 urbis
730 3942 853 4018 dictus,
888 3941 938 4007 vir
969 3942 1103 4007 multum
1135 3945 1315 4030 meritoque
1338 3943 1565 4030 celebratus,5)
1589 3966 1617 4010 a.

205 4077 237 4121 u.
262 4058 327 4121 388
352 4078 389 4123 ea
410 4057 589 4144 pestilentia
612 4057 711 4132 obiit,
744 4079 825 4145 quae
852 4079 960 4123 ansam
989 4057 1076 4124 dedit
1098 4056 1248 4124 ludorum
1271 4059 1469 4126 scenicorum
1494 4059 1618 4126 iustitu-

206 4169 370 4237 endorum.
417 4173 585 4259 Inscriptio
610 4171 791 4239 Florentiae
814 4183 941 4258 reperta
966 4171 1043 4238 baec
1066 4173 1227 4258 praeclara
1251 4173 1319 4248 eius
1341 4172 1422 4240 facta
1445 4174 1614 4242 collaudat:

309 4427 329 4488 1)
366 4431 424 4490 Liv.
443 4431 477 4496 5,
494 4431 538 4482 do.

309 4513 332 4584 Β)
368 4517 433 4573 Nro.
451 4517 512 4569 537.

309 4601 329 4664 ³)
363 4606 441 4667 lilim·
459 4607 555 4660 Gescb.
574 4610 609 4662 ll.
627 4608 687 4660 607.
706 4609 784 4660 dnm.
804 4611 881 4662 12⁰1.
920 4610 1028 4662 Rectius
1047 4612 1093 4662 alii
1112 4626 1161 4675 pro
1182 4612 1378 4674 ,obsiderenrs
1396 4614 1555 4662 {nocuerant

310 4691 322 4726 ³⁸
372 4690 401 4746 Ρ.
420 4691 462 4751 6⁷.

311 4693 333 4850 δί
371 4781 453 4834 Cuius
472 4785 577 4834 laudem
597 4785 658 4836 vide
678 4787 747 4848 apud
767 4785 825 4838 Liv.
844 4789 877 4844 7,
896 4789 921 4838 1.
