3666 5544
726 463 1021 540 '-1a-

200 654 271 718 nius
295 648 538 715 familiarissime
562 647 694 714 dilectus
717 647 778 710 iam
803 646 863 711 boc
887 643 1024 729 elogium
1049 647 1174 709 disticte
1192 649 1318 728 clepiaco
1335 655 1526 731 conceptum
1545 667 1621 712 oon·

203 766 380 848 leceratiil

468 875 531 944 iiie
554 887 602 942 est
624 877 675 941 ille
698 877 793 955 situs,
818 877 868 941 oui
893 893 987 940 nemo
1011 875 1080 939 civi'
1104 897 1162 940 nec
1186 876 1284 940 bostis

560 990 670 1073 Quibit
694 1012 753 1077 pro
776 990 866 1056 lactis
890 990 1026 1056 reddere
1050 1011 1147 1076 oprae
1170 990 1317 1076 pretium.

294 1108 379 1176 Num
404 1119 451 1174 est
476 1107 688 1181 verisimile,
714 1127 808 1178 eum,
833 1105 896 1192 *qui
919 1105 1083 1170 historiam
1108 1103 1263 1170 Graecam
1287 1106 1465 1173 dulcissime
1489 1109 1623 1195 scripse-

202 1239 257 1293 rat
270 1226 304 1306 ,ll
329 1223 472 1290 versibus
496 1221 653 1289 Saturniis
677 1241 869 1306 magnopere
893 1219 1041 1286 delectari
1066 1221 1228 1306 potuisse,
1254 1222 1388 1308 eiusque
1412 1223 1462 1288 rei
1486 1245 1549 1289 non
1574 1245 1624 1288 ra-

208 1345 324 1407 tionem
348 1339 494 1405 babuisse
518 1341 572 1424 qni
589 1345 836 1402 ¹monumentum
859 1334 1030 1401 fecerunt?
1077 1334 1188 1416 Qnid‘t
1227 1336 1290 1417 Qui
1314 1347 1346 1402 et
1369 1337 1479 1403 doctus
1504 1349 1536 1403 et
1559 1340 1624 1404 elo-

207 1479 327 1544 quens,
352 1455 407 1542 qui
430 1475 537 1519 secum
563 1451 792 1518 eruditissimos
815 1451 958 1520 homines
976 1473 1017 1516 ex
1034 1449 1167 1516 Graecia
1184 1451 1284 1537 palam
1307 1474 1434 1539 semper
1457 1453 1622 1528 babuisse,

207 1573 261 1659 qui
285 1569 453 1645 Terentio,
479 1567 710 1654 elegantissimo
733 1577 867 1653 poetae,
894 1568 1066 1634 versiculos
1092 1567 1285 1652 suggessisse
1302 1567 1455 1648 traditur,
1478 1570 1505 1634 is
1522 1569 1620 1656 patris

209 1687 348 1773 adoptivi
372 1685 520 1770 sepulcro
544 1693 668 1749 veteres
690 1703 727 1747 ac
748 1681 845 1748 rudes
867 1683 938 1748 illos
960 1683 1116 1748 maiorum
1140 1703 1249 1747 versus
1273 1682 1400 1747 inscribi
1433 1683 1623 1768 probasset?

208 1800 346 1868 Minime.
392 1797 496 1864 Abeat
519 1799 618 1884 igitur
641 1820 791 1863 numerus
817 1796 986 1865 Saturnius
1023 1821 1065 1864 ex
1099 1799 1156 1862 bac
1190 1799 1395 1884 inscriptione
1433 1800 1621 1886 sepulcrali,

206 1929 347 1982 ceterum
371 1916 550 2001 praeclara,
588 1913 761 1978 maestitiae
785 1914 898 1998 plena;
929 1926 1028 1978 restet
1063 1913 1166 1978 oratio
1201 1913 1369 1998 pedestris,
1406 1914 1460 1979 sed
1496 1925 1621 1987 ornata,

204 2034 306 2112 elata,
333 2031 439 2096 verbis
463 2028 636 2100 nobilibus,
662 2027 774 2093 ordine
800 2027 1028 2094 vocabulorum
1054 2050 1117 2093 non
1142 2029 1264 2113 vulgari
1288 2031 1434 2114 proxime
1456 2029 1496 2093 ad
1512 2029 1624 2094 dictio-

206 2170 279 2212 nem
304 2147 460 2232 poeticam
483 2143 654 2218 accedens,
689 2131 724 2208 ut
759 2143 1074 2209 bonorificentissime
1102 2141 1285 2228 Scipionem
1320 2144 1465 2210 oratione
1497 2143 1622 2210 funebri

204 2262 367 2328 laudatum
391 2283 460 2328 esse
482 2272 569 2326 recte
592 2259 665 2324 inde
693 2259 848 2324 coniicias.

608 2514 650 2576 5.
696 2513 956 2589 Epigramma
982 2513 1050 2574 cn.
1075 2513 1232 2574 Naevii.

298 2662 465 2728 Accedunt
488 2661 528 2726 ad
553 2659 739 2746 Scipionum
775 2659 995 2745 inscriptiones
1020 2659 1209 2745 sepulcrales
1232 2659 1370 2726 duorum
1394 2675 1560 2748 poetarum
1585 2665 1619 2729 il-

211 2779 355 2844 lustrinm
381 2778 624 2863 epigrammata,
650 2773 708 2840 Cn.
734 2773 848 2854 Naevii
872 2787 902 2840 ei
927 2772 972 2840 ii.
998 2773 1121 2853 Plauti,
1153 2797 1244 2862 quae,
1270 2788 1348 2842 teste
1373 2777 1524 2864 Galim-³)
1564 2780 1623 2866 ipsi

208 2894 355 2959 lecerunt
379 2903 410 2958 et
433 2891 598 2957 incidenda
621 2912 681 2955 sno
705 2891 853 2976 sepulcro
876 2889 1082 2976 reliquerunt.

299 3007 348 3074 De
373 3006 432 3073 Cn.
457 3003 571 3072 Naevii
596 3007 658 3071 vita
684 3018 714 3070 et
737 3005 862 3090 scriptis
893 3005 1111 3070 disseruerunt
1134 3026 1236 3091 nuper
1260 3006 1419 3072 duumviri
1442 3009 1623 3088 doctissimi,

209 3128 363 3190 Scbdttius
387 3124 695 3198 amicumamicumi)
745 3121 944 3207 Quamquam
968 3121 1048 3185 adeo
1072 3141 1171 3206 pauca
1188 3120 1227 3186 de
1251 3123 1317 3188 cius
1335 3123 1395 3188 vila
1412 3124 1524 3190 tradita
1540 3136 1622 3199 sunt,

210 3249 246 3304 ut
269 3258 372 3322 paene
395 3258 456 3301 non
481 3237 542 3301 viia
567 3237 755 3301 nominanda
772 3235 829 3311 sii,
854 3235 938 3322 quod
958 3258 997 3300 ex
1014 3226 1143 3320 singulis
1161 3235 1348 3322 quibusdam
1367 3249 1509 3305 veterum
1525 3241 1624 3326 scrip-

211 3365 338 3425 torum,
361 3353 514 3439 imprimis
540 3351 649 3425 Gellii,
674 3351 752 3416 locis
776 3373 871 3436 aegre
895 3351 1094 3427 contexitur,
1118 3362 1270 3438 recteque
1286 3353 1418 3427 mirere,
1443 3355 1544 3442 quod,
1569 3356 1624 3420 ad·
1690 3435 1693 3440 Ι

207 3468 310 3534 bibitis
335 3469 535 3534 deverticulis
560 3479 589 3534 ei
614 3466 815 3552 ambagibus,
840 3489 857 3531 e
881 3488 916 3531 re
940 3479 1001 3530 tam
1028 3468 1114 3531 tenui
1137 3477 1220 3531 tanta
1243 3469 1332 3553 copia
1349 3465 1522 3534 verborum
1545 3492 1624 3535 exu-

208 3583 373 3648 beraverit.
422 3583 472 3648 De
495 3605 595 3656 anno,
621 3605 686 3670 quo
710 3580 852 3648 Naevius
877 3593 1011 3648 mortem
1036 3582 1219 3668 oppetierit,
1243 3583 1281 3647 lis
1305 3593 1351 3648 est
1367 3584 1449 3648 inter
1465 3585 1522 3650 bos
1539 3581 1624 3650 Nae·

207 3699 372 3764 vianorum
396 3701 587 3784 scriptorum
613 3699 821 3785 explicatores
845 3708 940 3782 atque
963 3697 1043 3762 adeo
1066 3697 1148 3762 inter
1172 3695 1359 3762 Ciceronem
1384 3711 1414 3762 ei
1431 3697 1620 3774 Varronem,

206 3837 299 3900 quern
324 3825 498 3900 utrumque
523 3813 794 3899 diligentissimum
819 3813 1077 3897 investigatorem
1102 3811 1295 3897 antiquitatis
1312 3813 1418 3879 dicere
1435 3814 1516 3879 licet.
1554 3812 1618 3880 Sed

309 4131 331 4194 ¹)
371 4133 449 4195 Quod
470 4133 625 4183 felicissime
644 4133 785 4184 conficitur
804 4149 833 4183 ex
855 4135 911 4183 Cic.
931 4133 963 4180 de
983 4133 1051 4196 legg.
1071 4133 1101 4186 2,
1127 4131 1161 4180 22
1180 4139 1205 4196 g.
1230 4132 1264 4180 57
1284 4140 1309 4182 et
1334 4133 1428 4182 Senec.
1457 4136 1535 4196 epist.
1563 4137 1621 4184 108.

204 4221 369 4282 inscriptum
388 4229 446 4272 erat
466 4224 507 4272 vel
527 4224 553 4270 in
573 4223 699 4284 sepulcro
725 4223 841 4283 Literni,
871 4223 915 4270 ubi
944 4221 1081 4270 sconditum
1101 4233 1160 4270 esse
1182 4221 1285 4270 videtur
1304 4222 1426 4272 Africani
1446 4235 1544 4286 corpus
1570 4225 1621 4287 (ci.

205 4308 261 4356 Liv‚
281 4307 334 4370 38,
354 4307 396 4358 53.
421 4310 471 4370 56;
494 4312 590 4362 Strabo
609 4310 632 4359 5.
652 4325 678 4374 p.
698 4311 749 4361 243
769 4312 898 4371 Casaub.;
919 4303 1012 4358 Senecss
1033 4309 1111 4372 epist.
1131 4308 1203 4378 aa),
1230 4310 1272 4360 vel
1298 4311 1324 4358 in
1349 4317 1522 4362 monumento
1546 4311 1621 4361 lami·

205 4396 258 4444 liae
278 4395 379 4444 Rornae
399 4404 460 4446 ante
477 4405 582 4462 portam
602 4399 745 4463 Capenam.

312 4479 333 4544 ²)
372 4483 426 4534 Cio.
448 4486 616 4551 Brutiag.
638 4487 681 4538 77.

311 4569 331 4633 ³)
368 4573 398 4623 N.
419 4575 450 4622 Α.
471 4574 501 4635 1,
520 4574 563 4623 aa.

310 4659 330 4720 ³)
367 4664 405 4712 De
426 4662 515 4710 tinaeo
534 4663 635 4714 Naevio
656 4671 734 4727 poeta
753 4665 861 4726 scripsit
880 4668 909 4713 A.
930 4667 1036 4715 Sebiitte.
1074 4667 1143 4715 Part.
1165 4669 1183 4715 i.
1214 4665 1353 4728 llerbipoll
1375 4665 1450 4716 isslii.
1488 4665 1535 4715 Cu.
1556 4667 1620 4716 Nae·

209 4749 243 4795 vii
264 4755 357 4812 poetae
375 4753 488 4800 Romani
509 4751 591 4800 vitam
612 4753 769 4816 descripsit,
788 4757 938 4802 carminum
960 4754 1087 4816 reliquias
1110 4755 1231 4818 collegit,
1251 4755 1339 4816 poesis
1354 4755 1485 4806 rationem
1498 4756 1620 4815 exposuit

208 4835 330 4885 Ernestos
347 4839 511 4890 Kloaamarua.
550 4841 629 4890 lenae
651 4841 725 4891 lsslail.
