3604 5528
764 423 979 484 ...Μ-

163 583 233 669 prio
256 603 382 650 cumen
406 594 472 662 eat,
496 585 583 673 quod
606 585 739 652 mortuis
763 589 937 651 cantatur!
975 583 1061 651 Nota
1084 595 1131 651 est
1154 607 1205 652 res
1229 588 1269 653 de
1285 585 1416 661 Marsis,
1450 587 1577 675 quibus,

165 711 201 766 ut
223 701 266 766 ait
289 699 454 786 Gellius,¹)
479 702 531 781 „ri
554 700 689 789 quadam
711 702 839 787 genitali
861 701 969 767 datum
993 714 1056 775 est,
1081 711 1117 767 ut
1140 712 1171 767 et
1193 704 1387 788 serpentium
1403 703 1579 769 virulento·

163 834 237 882 rum
259 815 433 882 domitores
456 817 534 891 sint,
570 827 602 882 et
622 817 889 882 incantationibus
911 817 1147 904 herbarumque
1179 819 1280 884 succis
1304 819 1418 885 iaciant
1442 819 1578 884 medela·

161 953 236 996 rum
259 932 440 997 miracula«
487 929 611 998 Talium
633 933 882 999 incantationum
906 933 1051 1019 exempla
1074 931 1154 998 Cato
1189 935 1368 1018 servavit,²)
1400 948 1577 1020 quaesunt

37 1065 40 1070 ·
164 1045 242 1112 baec
258 1031 270 1110 :¹

385 1167 486 1230 Molos
507 1175 593 1228 coeto
615 1167 714 1228 dorica
737 1167 892 1228 walerios
910 1168 1071 1229 actuarias
1092 1167 1290 1247 dissuucpiter

384 1281 470 1342 Haut
488 1282 581 1343 buum
601 1283 674 1343 buot
697 1283 758 1343 isto
780 1284 862 1362 pisto
884 1284 960 1344 sisto
981 1283 1118 1344 mmmm
1143 1283 1339 1346 doumuostro

386 1396 469 1458 fluct
492 1397 566 1460 baut
589 1399 662 1460 taut
684 1399 744 1460 lato
762 1399 805 1459 sis
829 1407 879 1460 tor
904 1399 947 1460 sis
965 1398 1141 1460 ordocobou
1157 1399 1353 1460 doncamiro.

254 1505 351 1572 Aliud
374 1517 422 1574 est
445 1507 529 1594 apud
552 1506 729 1574 Varronem
742 1511 788 1589 ³l:

389 1627 482 1688 ibrra
498 1633 608 1706 pestem
629 1636 741 1700 teneto,
763 1629 846 1690 sulus
868 1629 916 1689 bic
939 1637 1055 1690 moneto

165 1735 255 1823 quod
278 1735 359 1802 bene
381 1736 420 1802 ad
445 1735 631 1806 Saturnium
654 1761 822 1805 numerum
847 1739 988 1826 quadrat.
1035 1739 1076 1805 Et
1098 1740 1205 1826 plures
1228 1739 1355 1826 quidem
1370 1739 1484 1805 borum
1503 1761 1578 1805 cau-

165 1859 257 1916 tuum
278 1851 435 1918 formulae
458 1865 568 1920 contra
591 1855 778 1940 grandines,
809 1865 919 1921 contra
950 1853 1136 1921 morborum
1169 1875 1285 1940 genera
1312 1865 1486 1941 contraque
1510 1879 1576 1922 am·
1680 1837 1683 1845 Α

165 1965 258 2032 busta
280 1966 415 2034 lortame
439 1979 619 2044 exstarent,
644 1971 704 2036 uisi
726 1970 849 2036 Plinius
873 1991 925 2036 eas
948 1970 1085 2057 prodere
1105 1970 1241 2056 ingentis
1257 1971 1489 2056 superstitionis
1506 1993 1576 2037 esse

166 2081 344 2167 duxissetd)

254 2194 402 2286 Denique
418 2199 494 2286 quid
510 2203 549 2264 sit
565 2205 697 2266 soriano
710 2206 800 2266 osuio
815 2201 899 2287 apud
914 2200 1088 2285 Plautum5)
1107 2200 1181 2288 (qui.
1198 2209 1231 2267 ut
1249 2200 1309 2266 boe
1325 2201 1447 2276 addam,
1465 2205 1575 2266 neniae

166 2311 323 2378 vocabulo
338 2334 378 2378 eo
394 2333 523 2401 quoque
539 2335 634 2381 sensu
649 2315 764 2388 utitur,
788 2327 824 2381 ut
839 2317 879 2381 sit
894 2315 1016 2398 linis),⁶)
1040 2315 1221 2402 ambigitur.
1259 2314 1339 2384 Pars
1354 2317 1452 2402 igitur
1466 2317 1576 2382 sorici-

165 2449 238 2496 uam
253 2430 378 2496 neniam
393 2451 463 2497 esse
478 2431 590 2497 volunt
605 2431 847 2497 minutissimum
863 2431 1045 2496 intestinum
1061 2431 1127 2497 sive
1142 2429 1264 2511 billam,
1288 2431 1339 2496 alii
1354 2451 1463 2497 vocem
1480 2432 1573 2496 emis·

164 2563 231 2609 sam
253 2565 273 2610 a
294 2545 398 2612 sorice
419 2547 451 2612 in
475 2545 739 2632 deprehendendo
767 2557 798 2612 et
827 2546 1057 2623 confodiendo,
1092 2545 1144 2611 alii
1174 2545 1382 2612 machinulam
1414 2546 1571 2632 capiendis

165 2658 321 2725 soricibus
344 2659 557 2728 denticulatim
581 2661 697 2728 aculeis
719 2662 895 2736 confixam,
932 2661 1018 2749 quod
1040 2661 1085 2726 ibi
1107 2662 1231 2728 neniam
1255 2662 1422 2730 funebrem
1447 2674 1576 2729 cantum

166 2775 287 2842 sorices
310 2785 420 2863 captae
443 2789 576 2855 canant,
600 2777 652 2843 alii
676 2777 907 2844 cantiunculam
930 2778 970 2842 de
993 2777 1142 2844 confosso
1166 2779 1284 2854 sorice,
1309 2779 1364 2866 qui
1387 2779 1462 2844 dum
1478 2779 1576 2854 rodit,

164 2909 226 2956 suo
248 2889 368 2958 iudicio
389 2893 581 2980 plerumque
603 2891 795 2959 confoditur.
841 2891 981 2959 Proinde
1003 2902 1131 2959 cautum
1155 2913 1244 2959 esse:
1279 2915 1369 2958 sorec
1392 2915 1447 2958 sato
1465 2899 1580 2959 indicio

165 3007 319 3090 confossus
336 3011 444 3090 periit,
468 3017 523 3074 aut
546 3008 632 3074 abud
655 3007 805 3095 quiddam
828 3008 939 3074 simile.
985 3006 1057 3075 Nec
1092 3009 1153 3074 boc
1182 3030 1277 3074 seusu
1304 3009 1490 3095 lepidiorem
1522 3031 1580 3075 ne·

164 3121 249 3186 uiam
272 3121 441 3190 soricinam
462 3123 594 3198 scirem,
619 3143 714 3210 quam
737 3122 777 3188 ab
800 3119 939 3188 Horatio
961 3123 1001 3190 de
1024 3123 1167 3190 muribus
1191 3123 1315 3190 urbano
1332 3134 1363 3189 et
1379 3125 1502 3189 rustico
1518 3125 1577 3189 lic-

163 3245 227 3302 tam
256 3235 401 3304 fabellam
409 3237 432 3317 t)
469 3239 538 3322 (nec
560 3237 725 3304 Phaedrus
756 3238 789 3304 iu
819 3237 933 3304 fabulis
963 3241 1046 3306 muri
1075 3249 1181 3326 partes
1211 3239 1401 3320 demandare
1429 3240 1576 3322 omittit);

162 3353 219 3418 sed
241 3353 313 3419 loco
335 3353 462 3422 laudato
484 3353 569 3441 apud
591 3352 740 3421 Plautum
763 3355 930 3420 soriciuam
954 3355 1077 3422 neniam
1101 3355 1176 3422 nibil
1199 3353 1283 3419 aliud
1314 3354 1493 3440 significare
1515 3353 1573 3418 nisi

164 3468 376 3554 muscipulam
398 3467 606 3535 foraminibus
629 3470 807 3556 praeditum
838 3467 1039 3554 (Mausfallel
1072 3490 1257 3556 persuasum
1280 3469 1354 3536 mibi
1379 3469 1490 3535 babeo.
1535 3468 1576 3534 Et

162 3583 242 3649 baec
266 3583 394 3670 quidem
418 3582 458 3650 de
481 3583 592 3650 neniis.

250 3695 379 3766 Tradita
402 3697 466 3764 iam
487 3699 595 3786 operis
620 3699 821 3788 typotheticis
845 3699 1073 3786 disputatione,
1097 3701 1130 3764 in
1154 3719 1266 3766 manus
1290 3699 1376 3764 veuit
1399 3703 1474 3766 God.
1503 3705 1579 3764 Her-

164 3819 270 3882 ammi
293 3820 430 3899 epitomes
451 3819 603 3881 doctrinae
624 3820 765 3881 metticae
784 3819 872 3883 editio
894 3821 989 3881 ultera
1010 3821 1185 3900 recoquitur.
1208 3832 1288 3902 quae
1312 3835 1395 3880 auno
1415 3815 1581 3900 superiore

162 3927 287 4018 Lipsiae
310 3929 441 4016 prodiit.
486 3927 537 3996 Ex
561 3952 622 4017 qua
645 3931 800 4006 intellexi,
837 3931 941 3996 virum
974 3931 1190 3998 doctissimum
1222 3940 1316 4016 caput
1338 3929 1378 3996 de
1402 3952 1496 3996 versu
1521 3927 1580 3996 Sa-

270 4249 293 4317 Ι)
331 4253 381 4311 ao,
400 4253 443 4302 1t.

268 4338 294 4407 ⁹)
331 4343 373 4392 De
391 4355 422 4394 re
440 4341 543 4392 rustica
562 4354 622 4404 cap.
643 4341 702 4392 160.

266 4427 290 4498 3)
327 4431 554 4486 llererust.1‚
575 4431 601 4480 1.

269 4515 291 4587 1)
328 4519 395 4569 Plio.
415 4519 442 4569 b.
461 4533 489 4569 n.
508 4519 556 4569 18.
576 4517 601 4567 5.
638 4517 678 4569 Gi.
697 4521 778 4569 etiam
797 4521 850 4570 zell
868 4519 1105 4572 Forienscbrilten.
1125 4521 1158 4570 ll.
1179 4521 1229 4570 llo
1249 4535 1307 4584 sqq.

269 4604 294 4673 ⁵)
332 4609 430 4667 Bacch,
448 4607 475 4660 1.
494 4607 519 4658 8.
539 4606 580 4659 lb.
600 4612 627 4658 te
645 4607 742 4658 faciam
767 4639 790 4648 -
814 4610 1011 4661 confossiorem
1029 4611 1146 4660 soricina
1165 4609 1252 4659 nenia.

267 4690 291 4761 6)
329 4695 454 4748 Pseudol.
473 4695 499 4745 5.
518 4697 543 4744 1.
561 4695 606 4746 32.
644 4695 674 4745 ld
692 4695 744 4745 tuit
763 4696 842 4746 nenia
862 4697 934 4746 ludo.

269 4781 293 4850 ⁷)
330 4786 395 4836 flor.
415 4789 465 4836 sot.
484 4787 509 4834 2.
528 4783 554 4834 d.
572 4785 608 4834 79
626 4797 684 4847 sqq.
