3666 5544
822 423 1034 482 ...16-

208 609 320 654 vcrsus
345 586 508 665 babuisse,
533 607 614 674 quos
638 587 712 652 olim
737 585 839 652 Fauni
862 597 1013 673 vatesque
1043 585 1196 652 cnnebant
1219 605 1365 674 quosque
1387 585 1432 654 Μ.
1458 586 1625 654 Terentius

210 700 315 770 Varro
339 699 510 770 Saturnios
534 701 684 788 appellari
709 701 804 775 dixit,
831 723 893 788 qua
917 701 957 766 ab
980 723 1016 766 re
1039 699 1155 768 Cicero
1178 703 1285 768 bercle
1309 702 1492 789 longissime
1507 702 1626 770 aberat.

212 816 397 884 Meminisse
421 817 495 883 satis
521 829 584 892 est,
609 814 787 892 Romanos,
816 817 970 904 quidquid
995 827 1062 882 erat
1085 817 1295 884 formularum
1326 818 1520 884 solemnibus
1556 841 1626 884 ver·

211 933 258 999 bis
282 945 489 1020 conceptum,
514 933 573 997 boc
597 930 754 997 vocabulo
786 931 971 1018 complexos
1001 953 1078 997 esse.
1127 932 1238 1014 Quid?
1285 933 1380 1015 Quod
1410 933 1494 1020 opud
1524 932 1628 1020 Virgi-

215 1049 291 1115 lium
315 1070 379 1114 non
402 1050 504 1115 solum
529 1049 693 1136 inscriptio
717 1047 871 1134 quaedem
895 1046 1040 1133 postibus
1063 1046 1177 1122 affixa,
1200 1049 1256 1114 sed
1279 1049 1401 1114 tumulo
1425 1048 1625 1135 superaddita

213 1186 340 1230 carmen
365 1165 554 1246 vocatur‘l1)
602 1163 713 1244 Quid?
748 1161 842 1246 Quod
865 1163 936 1248 ipso
960 1163 1031 1228 loco
1055 1163 1180 1230 laudato
1207 1161 1320 1230 Cicero
1336 1162 1425 1230 Atilii
1447 1163 1626 1250 inscriptio-

213 1301 287 1346 nem
310 1279 406 1346 modo
430 1300 575 1352 carmen,
608 1278 705 1345 modo
730 1279 868 1364 elogium
892 1280 1053 1368 appellet?
1098 1278 1173 1346 Hoc
1196 1300 1274 1346 vero
1301 1277 1436 1346 libenter
1459 1299 1625 1346 concesse-

212 1396 289 1470 rim,
315 1394 469 1481 siquidem
493 1394 611 1459 inulla
635 1392 821 1480 Scipionum
853 1395 1058 1482 inscriptione
1082 1393 1223 1462 Saturnii
1255 1395 1362 1460 insunt
1392 1394 1441 1459 vel
1474 1415 1619 1460 versuum

215 1519 357 1576 veterum
382 1509 541 1596 quoddam
566 1531 665 1594 genus
689 1509 836 1595 proxime
859 1509 897 1574 ad
928 1510 998 1576 illos
1023 1509 1194 1584 accedens,
1225 1511 1258 1575 in
1287 1509 1344 1576 bac
1367 1508 1485 1575 Asinae
1514 1510 1616 1574 inesse.

214 1622 292 1691 Non
316 1624 550 1690 refractariolos
575 1625 657 1690 enim
682 1624 740 1690 bos
764 1645 875 1690 versus
898 1625 1079 1692 inveneris:

479 1739 577 1805 Hunc
599 1740 698 1804 dnum
723 1739 850 1826 plurimi
875 1761 936 1806 con
954 1743 959 1822 Ι
980 1740 1120 1808 sentibnt
1143 1738 1289 1808 Romani.

482 1853 624 1929 Consul,
650 1857 780 1935 censor,
805 1855 912 1922 aedilis
935 1855 1007 1938 lblc
1030 1855 1090 1922 fnit
1112 1857 1197 1943 apud
1220 1877 1286 1920 vos.
1352 1901 1356 1906 -

484 1968 547 2036 Hic
570 1970 653 2056 cepit
677 1967 842 2038 Corsiclrm
866 1969 894 2036 A
914 1975 919 2055 l
941 1971 1116 2060 leriquue
1138 1971 1262 2038 urbem.

303 2085 388 2167 Quid
412 2087 495 2152 enim
520 2085 652 2158 rubum,
688 2086 716 2152 si
750 2085 980 2154 versificatores
1011 2087 1062 2152 isti
1091 2107 1133 2155 ex
1165 2086 1291 2154 libidine
1321 2086 1406 2152 biatu
1437 2083 1625 2154 utebantur,

218 2200 352 2288 syllabas
375 2201 407 2265 in
431 2202 494 2266 arsi
517 2199 751 2287 producebant,
778 2201 892 2267 breves
915 2223 975 2288 pro
1000 2203 1102 2288 longis
1127 2201 1339 2289 usurpabant,
1368 2201 1478 2286 longas
1501 2199 1533 2264 in
1558 2197 1630 2264 bre·

218 2337 273 2381 ves
296 2315 477 2392 solvebant,
503 2327 533 2381 et
557 2317 617 2383 elia
632 2316 859 2392 huiuscemodi,
885 2339 956 2384 cum
973 2317 1202 2404 antiquioribus
1218 2318 1321 2404 poetis
1336 2314 1487 2384 Romanis
1502 2333 1628 2388 omnem

213 2431 382 2517 prosodiae
397 2441 429 2496 et
444 2432 522 2497 artis
545 2432 695 2498 metricae
711 2431 867 2498 licentiam
885 2432 1018 2498 dandam
1041 2454 1109 2500 esse
1125 2454 1234 2500 omnes
1252 2454 1315 2498 uno
1332 2453 1389 2498 ore
1405 2429 1628 2496 consentiant?

349 2637 397 2717 8)
443 2640 586 2716 ntegra
608 2640 778 2700 tiliorum
803 2641 866 2702 cn.
891 2641 1062 2704 corneli!
1086 2641 1281 2717 Setptonts
1308 2639 1496 2714 Hispana.

304 2774 413 2842 Tertio
438 2766 510 2842 loco
534 2787 608 2842 sunt
632 2777 735 2863 elogia
758 2775 896 2844 filiorum
920 2775 979 2843 Cn.
1005 2776 1146 2845 Cornelii
1170 2751 1330 2866 Scipionis
1358 2774 1537 2861 Hispalli,²l
1573 2773 1628 2838 de-

217 2892 318 2958 functi
341 2915 369 2958 a,
397 2915 429 2958 u.
454 2897 518 2958 577
543 2889 638 2978 Cep,
664 2913 728 2978 quo
753 2894 963 2960 consuleret.
1011 2892 1156 2976 Quorum
1181 2895 1267 2982 prius
1290 2893 1335 2960 sic
1357 2913 1391 2956 se
1414 2889 1529 2956 babet:

394 3027 446 3074 cn.
471 3026 655 3074 connunrvs
680 3026 730 3074 cu.
756 3029 785 3072 n.
811 3028 927 3076 sciero.
953 3019 1118 3076 mesenes

393 3141 445 3188 ru.
470 3143 539 3190 am.
565 3142 641 3190 cun.
668 3143 699 3198 o.
725 3143 777 3188 ra.
805 3143 873 3191 utu.
898 3145 931 3190 11.
957 3146 1048 3190 xvia.
1074 3146 1121 3191 sn.
1145 3145 1239 3192 rvorn

394 3262 425 3302 n.
452 3258 520 3303 vin.
546 3257 618 3304 sac.
642 3257 716 3304 sne.
1282 3213 1285 3224 ¹

399 3372 567 3418 vrurvrns
592 3373 734 3420 onnnnrs
759 3374 1024 3422 u1n1suon1nvs
1049 3376 1268 3426 nccvuvnavr

485 3488 680 3536 sucessuum
705 3488 816 3536 onnvr.
842 3491 951 3538 naurs
975 3492 1097 3541 enanis
1122 3491 1241 3540 cuntur.

396 3601 557 3648 umoavns
581 3603 726 3652 onrunvr
749 3604 901 3652 ssvnun.
927 3607 972 3652 vr
996 3604 1081 3654 smnr
1106 3608 1154 3654 uu
1179 3607 1258 3654 essu
1284 3605 1446 3652 cnunrvn

487 3717 699 3766 inerunrvn.
725 3721 871 3768 sanarunt
895 3721 1109 3770 nonrnrravrr
1134 3721 1259 3770 nonos.
1419 3789 1423 3796 ἱ

307 3811 412 3880 Nemo
437 3835 500 3878 non
535 3813 618 3878 videt
648 3816 731 3882 bunc
763 3817 887 3884 titulum
919 3818 1125 3905 sepulcralem
1156 3817 1279 3886 duobus
1312 3817 1450 3884 distichis
1485 3812 1629 3900 elegiacis

222 3929 404 4004 contineri,
427 3939 462 3994 ut
486 3929 544 3994 bac
567 3929 606 3995 de
630 3952 666 3996 re
690 3954 728 3998 ne
752 3931 886 4000 verbum
907 3934 1045 4020 ‘quidem
1069 3935 1185 4002 addere
1214 3955 1343 3999 necesse
1376 3931 1517 3998 babeam.
1564 3925 1631 3994 Ne-

223 4065 287 4132 que
312 4065 389 4110 vero
412 4054 477 4120 est,
501 4041 587 4132 quod
611 4047 723 4122 sciam.
751 4049 805 4136 qui
829 4048 1059 4120 adnumerum
1084 4049 1268 4116 Saturnium
1285 4047 1439 4114 retulerit.
1472 4043 1538 4112 Sed
1554 4043 1630 4110 baec

223 4160 388 4246 inscriptio
412 4159 605 4226 documento
630 4183 698 4227 esse
721 4174 844 4249 potest,
868 4185 907 4228 eo
929 4165 997 4231 lere
1021 4175 1181 4252 tempore,
1211 4176 1276 4252 quo
1298 4161 1419 4229 Ennius
1442 4159 1569 4254 annales
1591 4155 1630 4224 ad

220 4273 406 4340 umbilicum
427 4276 611 4351 adduxerit,
642 4299 734 4345 usum
759 4290 933 4345 metrorum
957 4279 1121 4346 aGraecis
1145 4279 1355 4368 repetiturum
1378 4275 1458 4342 adeo
1481 4276 1541 4340 iem
1565 4271 1633 4338 llo-

225 4411 294 4456 mee
316 4389 503 4468 invaluisse,
527 4405 563 4458 ut
586 4393 661 4458 baec
684 4395 850 4480 peregrina
875 4395 973 4480 magis
997 4397 1158 4482 placerent
1181 4416 1274 4483 quam
1298 4391 1477 4461 vernacule.

327 4689 347 4755 ¹)
385 4691 458 4756 Virg.
477 4695 542 4744 Aen.
564 4695 597 4754 3,
614 4697 667 4748 287
687 4713 758 4764 sqq.;
779 4699 864 4764 eclog.
884 4703 914 4762 5,
933 4700 976 4752 tu.

327 4775 351 4843 ²)
388 4779 467 4844 Apud
486 4782 617 4834 Orelltum
635 4787 699 4837 Nro.
719 4787 781 4846 555,
801 4787 860 4839 555.
898 4789 986 4855 Egger
1004 4803 1030 4852 p.
1049 4791 1108 4840 134.
