3666 5544
290 1043 393 1168 eun
426 1081 569 1166 ιιιιι.
601 1077 825 1165 surtran
859 1077 912 1162 ιι
944 1075 1083 1162 ιιιιι.
1118 1075 1211 1162 ιιι
1247 1075 1507 1161 ιιιιιιιιιι

679 1306 864 1366 EPISTOLA
892 1304 1118 1366 nummulus.

817 1594 990 1604 ——n—-u—

284 1825 367 1892 Ecce
389 1825 479 1891 adest
501 1807 628 1912 quidam
652 1821 902 1910 gratulabundus
925 1821 1123 1903 anteferes,
1155 1819 1296 1888 libellum
1324 1822 1357 1887 in
1382 1819 1525 1888 manibus
1552 1841 1607 1908 ge-

194 1979 289 2036 stans.
337 1967 464 2046 Pultat3
487 1966 606 2032 introit.
655 1963 797 2052 „Ecquis
827 1939 1007 2032 dicasset
1055 1965 1158 2046 Quem
1185 1964 1267 2032 bene
1296 1965 1387 2031 nosti.
1434 1960 1490 2030 Sic
1523 1963 1608 2031 infit:

195 2109 293 2193 Quod
315 2108 434 2176 bonum
457 2107 535 2174 felix
557 2107 759 2194 faustumque
782 2107 841 2186 sit,
878 2103 1025 2173 Gerlachi
1053 2105 1235 2172 doctissime
1264 2115 1296 2172 et
1327 2104 1536 2176 amicissimel
1570 2127 1611 2171 ex

195 2251 291 2329 animi
314 2251 465 2318 sententia
489 2248 546 2316 tibi
569 2248 714 2335 gratulor
736 2247 825 2314 illum
855 2247 953 2323 diem,
989 2268 1054 2334 quo
1082 2246 1239 2312 antelios
1270 2247 1381 2334 viginti
1409 2257 1441 2314 et
1471 2247 1613 2336 quinque

206 2413 304 2458 annos
321 2392 382 2458 huc
398 2389 533 2457 Basilice
555 2391 715 2477 migrasti,
739 2389 823 2456 hunc
845 2390 943 2456 larem
966 2388 1149 2456 familiarem
1173 2389 1337 2476 amplexus
1353 2411 1402 2470 es,
1426 2410 1541 2455 munus
1554 2388 1614 2455 ho·

198 2533 331 2600 norilice
353 2532 394 2598 ad
417 2542 449 2597 te
473 2531 626 2608 delatum,
661 2539 747 2598 tanta
768 2531 861 2598 laude
884 2553 986 2620 usque
1014 2530 1076 2597 huc
1106 2540 1246 2617 gestum,
1278 2530 1412 2600 feliciter
1434 2530 1611 2620 suscepisti.

196 2674 386 2749 llliradsue,
418 2674 503 2762 quod
527 2695 587 2762 ego
619 2674 699 2741 hanc
721 2672 899 2761 gratulandi
922 2672 1116 2760 provinciam
1140 2673 1359 2760 susceperim?
1403 2671 1477 2761 lpse
1509 2693 1613 2762 prope

200 2817 321 2895 miror;
345 2815 504 2884 excusabo
526 2816 631 2904 quoad
660 2827 785 2903 potero.
832 2812 1006 2902 Nunquam
1040 2815 1123 2880 enim
1153 2813 1337 2895 obliviscar,
1368 2815 1511 2904 quamvis
1541 2835 1613 2902 gra·

198 2959 350 3025 tissimum
373 2957 504 3025 habeam
528 2959 714 3024 memoriam
737 2956 987 3024 clarissimorum
1010 2943 1209 3022 Germaniae'
1232 2956 1417 3034 doctorum,
1450 2957 1503 3045 qui
1526 2955 1613 3022 adie-

197 3123 270 3168 cere
303 3101 409 3188 paullo
441 3101 511 3188 plus
544 3101 640 3178 artis,
672 3110 746 3166 ate
767 3099 844 3165 mihi
873 3100 977 3187 primo
1011 3098 1180 3184 contigisse
1208 3099 1386 3164 accuratius
1408 3099 1442 3164 in
1476 3098 1611 3188 antiquis

199 3241 312 3306 litteris
336 3240 461 3322 doceri,
498 3243 550 3330 qui
573 3263 684 3309 omnes
718 3243 838 3309 circum
870 3240 1019 3308 dectores
1056 3239 1311 3326 diligentissimus
1348 3261 1427 3306 eras.
1479 3238 1612 3308 Accedit

198 3382 285 3470 quod
307 3383 340 3448 in
363 3404 479 3470 magno
502 3383 730 3472 discipulorum
752 3403 850 3469 grege
872 3403 913 3448 ex
937 3380 1055 3468 exiguo
1079 3403 1190 3448 eorum
1212 3404 1346 3449 numero
1361 3403 1413 3450 me
1428 3404 1498 3450 esse
1521 3385 1613 3450 intel·

199 3523 282 3608 ligo,
318 3524 374 3612 qui
396 3523 528 3592 eandem
551 3548 588 3592 ae
612 3537 646 3592 tu
668 3525 846 3592 studiorum
868 3523 1024 3589 rationem
1047 3523 1181 3611 ingrcssi
1203 3534 1285 3590 sunt.
1332 3521 1398 3592 Sed
1425 3523 1527 3612 probe
1549 3526 1611 3590 iam

201 3664 289 3741 scio,
319 3665 389 3752 plus
422 3667 572 3754 ponderis
595 3678 627 3734 et
648 3667 803 3734 momenti
831 3667 1072 3754 gratulationem
1101 3663 1278 3731 habituram
1300 3663 1414 3746 fuisse,
1448 3665 1475 3732 si
1497 3688 1516 3731 a
1543 3667 1612 3732 viro

199 3807 408 3884 auctoritate,
432 3807 599 3895 dignitate,
630 3809 835 3898 amplitudine
857 3809 996 3896 pollente
1026 3806 1170 3895 profecta
1193 3816 1294 3887 esset,
1326 3827 1421 3894 ᾳιιιιιι
1443 3828 1462 3872 a
1484 3828 1536 3873 me
1557 3829 1613 3894 pe-

199 3947 305 4026 dario,
329 3971 427 4036 quem
449 3950 568 4017 scilicet
590 3951 807 4040 quinqueviris
831 3950 1008 4017 academiae
1031 3959 1063 4016 et
1085 3947 1281 4036 paedagogio
1310 3949 1456 4016 curandis
1478 3950 1511 4015 iu
1540 3971 1612 4037 par-

205 4097 268 4152 tem
289 4111 440 4157 curarum
463 4111 578 4158 vocare
601 4114 703 4181 usque
725 4094 787 4159 huc
809 4113 873 4158 non
903 4090 1028 4178 placuit.
1076 4089 1147 4172 Qua
1169 4089 1209 4156 de
1231 4112 1268 4157 re
1290 4091 1316 4156 si
1346 4113 1407 4179 qua
1440 4091 1613 4158 offensiun-

207 4226 278 4293 cula
300 4251 401 4316 nuper
422 4231 505 4299 facta
529 4243 577 4299 est
599 4234 696 4300 animi
717 4234 796 4309 mei,
821 4233 931 4299 durius
954 4231 1082 4320 quidem
1105 4231 1137 4298 id
1158 4233 1303 4320 accipere
1319 4234 1421 4310 nolui,
1442 4233 1498 4300 sed
1514 4233 1613 4300 liben-

204 4379 254 4435 ter
277 4383 330 4436 tne
352 4370 424 4438 dedi
445 4374 484 4441 ad
507 4375 688 4451 lenitatem,
712 4375 745 4441 in
767 4395 836 4441 eam
859 4385 964 4440 tamen
979 4395 1068 4462 spem
1083 4376 1335 4462 sententiamque
1349 4376 1521 4462 ingressus,
1541 4376 1612 4442 fore

200 4519 236 4576 ut
258 4511 362 4578 studia
386 4534 455 4582 mea
479 4517 555 4583 viris
578 4516 775 4605 amplissimis
798 4517 924 4584 tandem
948 4517 1169 4604 probarentur.
1216 4515 1299 4584 Nam
1330 4517 1384 4583 vix
1412 4518 1444 4584 in
1471 4518 1611 4584 animum

198 4651 316 4720 induco
339 4665 375 4722 ut
397 4659 544 4738 credam,
577 4681 616 4726 eo
639 4668 826 4748 perventum
850 4681 919 4726 esse
941 4661 1025 4748 apud
1048 4682 1126 4736 nos,
1162 4669 1198 4727 ut
1225 4681 1412 4738 crumenae,
1447 4661 1610 4748 prosapia,

199 4815 333 4882 operosa
356 4810 526 4886 parentum
551 4803 684 4879 cohors.
708 4803 914 4892 suppalpandi
937 4803 1073 4892 denique
1096 4813 1180 4872 artes
1204 4804 1324 4871 maiora
1347 4813 1378 4870 et
1402 4803 1527 4889 potiora
1549 4805 1612 4870 sint
