<?xml version="1.0" encoding="UTF-8"?>
<!DOCTYPE html PUBLIC "-//W3C//DTD XHTML 1.0 Transitional//EN"
    "http://www.w3.org/TR/xhtml1/DTD/xhtml1-transitional.dtd">
<html xmlns="http://www.w3.org/1999/xhtml" xml:lang="en" lang="en">
 <head>
  <title>
</title>
<meta http-equiv="Content-Type" content="text/html;charset=utf-8" />
  <meta name='ocr-system' content='tesseract 3.04.00' />
  <meta name='ocr-capabilities' content='ocr_page ocr_carea ocr_par ocr_line ocrx_word'/>
</head>
<body>
  <div class='ocr_page' id='page_1' title='image "./deinscriptionib00stregoog_0051.png"; bbox 0 0 3666 5544; ppageno 0'>
   <div class='ocr_carea' id='block_1_1' title="bbox 774 427 989 490">
    <p class='ocr_par' dir='ltr' id='par_1_1' title="bbox 774 427 989 490">
     <span class='ocr_line' id='line_1_1' title="bbox 774 427 989 490; baseline -0.005 -17"><span class='ocrx_word' id='word_1_1' title='bbox 774 427 989 490; x_wconf 63' lang='lat'>..46-</span> 
     </span>
    </p>
   </div>
   <div class='ocr_carea' id='block_1_2' title="bbox 171 589 1589 3448">
    <p class='ocr_par' dir='ltr' id='par_1_2' title="bbox 171 589 1587 913">
     <span class='ocr_line' id='line_1_2' title="bbox 261 589 1586 682; baseline 0 -22"><span class='ocrx_word' id='word_1_2' title='bbox 261 594 340 678; x_wconf 81' lang='lat' dir='ltr'>Quis</span> <span class='ocrx_word' id='word_1_3' title='bbox 363 603 430 669; x_wconf 87' lang='lat' dir='ltr'>est,</span> <span class='ocrx_word' id='word_1_4' title='bbox 456 595 510 682; x_wconf 86' lang='lat' dir='ltr'>qui</span> <span class='ocrx_word' id='word_1_5' title='bbox 535 615 619 661; x_wconf 87' lang='lat' dir='ltr'>nnnc</span> <span class='ocrx_word' id='word_1_6' title='bbox 642 592 835 680; x_wconf 80' lang='lat' dir='ltr'><strong>obloquatur</strong></span> <span class='ocrx_word' id='word_1_7' title='bbox 857 589 1046 658; x_wconf 78' lang='lat' dir='ltr'>Hermanno</span> <span class='ocrx_word' id='word_1_8' title='bbox 1068 595 1231 659; x_wconf 81' lang='lat' dir='ltr'>revocanti</span> <span class='ocrx_word' id='word_1_9' title='bbox 1256 602 1319 660; x_wconf 89' lang='lat' dir='ltr'>tam</span> <span class='ocrx_word' id='word_1_10' title='bbox 1348 595 1439 662; x_wconf 86' lang='lat' dir='ltr'>laeile</span> <span class='ocrx_word' id='word_1_11' title='bbox 1461 594 1499 660; x_wconf 88' lang='lat' dir='ltr'>ad</span> <span class='ocrx_word' id='word_1_12' title='bbox 1520 615 1586 660; x_wconf 83' lang='lat' dir='ltr'>me-</span> 
     </span>
     <span class='ocr_line' id='line_1_3' title="bbox 172 706 1587 804; baseline 0.001 -30"><span class='ocrx_word' id='word_1_13' title='bbox 172 721 258 804; x_wconf 86' lang='lat' dir='ltr'>trum</span> <span class='ocrx_word' id='word_1_14' title='bbox 281 711 412 794; x_wconf 85' lang='lat' dir='ltr'>vulgare</span> <span class='ocrx_word' id='word_1_15' title='bbox 443 710 637 784; x_wconf 90' lang='lat' dir='ltr'>versiculos,</span> <span class='ocrx_word' id='word_1_16' title='bbox 673 709 818 794; x_wconf 86' lang='lat' dir='ltr'>neglecto</span> <span class='ocrx_word' id='word_1_17' title='bbox 854 706 981 794; x_wconf 88' lang='lat' dir='ltr'>quidem</span> <span class='ocrx_word' id='word_1_18' title='bbox 1014 718 1145 774; x_wconf 88' lang='lat' dir='ltr'>accentu</span> <span class='ocrx_word' id='word_1_19' title='bbox 1181 710 1331 784; x_wconf 90' lang='lat' dir='ltr'>naturali,</span> <span class='ocrx_word' id='word_1_20' title='bbox 1366 711 1420 776; x_wconf 89' lang='lat' dir='ltr'>sed</span> <span class='ocrx_word' id='word_1_21' title='bbox 1456 711 1587 776; x_wconf 86' lang='lat' dir='ltr'>minime</span> 
     </span>
     <span class='ocr_line' id='line_1_4' title="bbox 171 823 1034 913; baseline -0.006 -21"><span class='ocrx_word' id='word_1_22' title='bbox 171 834 333 899; x_wconf 85' lang='lat' dir='ltr'>contorte.</span> <span class='ocrx_word' id='word_1_23' title='bbox 357 825 465 913; x_wconf 89' lang='lat' dir='ltr'>paucis</span> <span class='ocrx_word' id='word_1_24' title='bbox 488 833 610 891; x_wconf 89' lang='lat' dir='ltr'>tantum</span> <span class='ocrx_word' id='word_1_25' title='bbox 634 825 858 911; x_wconf 82' lang='lat' dir='ltr'>supplementis</span> <span class='ocrx_word' id='word_1_26' title='bbox 882 823 1034 888; x_wconf 72' lang='lat' dir='ltr'>adiectis?</span> 
     </span>
    </p>

    <p class='ocr_par' dir='ltr' id='par_1_3' title="bbox 171 921 1589 2622">
     <span class='ocr_line' id='line_1_5' title="bbox 259 921 1585 1026; baseline -0.001 -21"><span class='ocrx_word' id='word_1_27' title='bbox 259 938 309 1006; x_wconf 88' lang='lat' dir='ltr'>De</span> <span class='ocrx_word' id='word_1_28' title='bbox 332 938 461 1006; x_wconf 88' lang='lat' dir='ltr'>Barbati</span> <span class='ocrx_word' id='word_1_29' title='bbox 484 941 615 1026; x_wconf 81' lang='lat' dir='ltr'>insuper</span> <span class='ocrx_word' id='word_1_30' title='bbox 638 940 743 1024; x_wconf 87' lang='lat' dir='ltr'>elogio</span> <span class='ocrx_word' id='word_1_31' title='bbox 767 937 900 1004; x_wconf 90' lang='lat' dir='ltr'>verbnm</span> <span class='ocrx_word' id='word_1_32' title='bbox 923 937 1102 1004; x_wconf 87' lang='lat' dir='ltr'>addendum</span> <span class='ocrx_word' id='word_1_33' title='bbox 1126 921 1182 1004; x_wconf 77' lang='lat' dir='ltr'>est.</span> <span class='ocrx_word' id='word_1_34' title='bbox 1230 937 1358 1006; x_wconf 74' lang='lat' dir='ltr'>Scilicet</span> <span class='ocrx_word' id='word_1_35' title='bbox 1391 939 1446 1005; x_wconf 91' lang='lat' dir='ltr'>uhi</span> <span class='ocrx_word' id='word_1_36' title='bbox 1478 939 1585 1018; x_wconf 57' lang='lat' dir='ltr'>dixin}</span> 
     </span>
     <span class='ocr_line' id='line_1_6' title="bbox 172 1053 1588 1141; baseline -0.001 -21"><span class='ocrx_word' id='word_1_37' title='bbox 172 1053 385 1122; x_wconf 87' lang='lat' dir='ltr'>Niebuhrium</span> <span class='ocrx_word' id='word_1_38' title='bbox 417 1056 451 1120; x_wconf 94' lang='lat' dir='ltr'>in</span> <span class='ocrx_word' id='word_1_39' title='bbox 483 1053 711 1141; x_wconf 76' lang='lat' dir='ltr'>distinguendis</span> <span class='ocrx_word' id='word_1_40' title='bbox 742 1053 886 1120; x_wconf 87' lang='lat' dir='ltr'>versibus</span> <span class='ocrx_word' id='word_1_41' title='bbox 918 1076 936 1119; x_wconf 89' lang='lat' dir='ltr'>e</span> <span class='ocrx_word' id='word_1_42' title='bbox 966 1074 1025 1119; x_wconf 90' lang='lat' dir='ltr'>sno</span> <span class='ocrx_word' id='word_1_43' title='bbox 1056 1054 1184 1139; x_wconf 91' lang='lat' dir='ltr'>ingenio</span> <span class='ocrx_word' id='word_1_44' title='bbox 1216 1063 1247 1119; x_wconf 88' lang='lat' dir='ltr'>et</span> <span class='ocrx_word' id='word_1_45' title='bbox 1270 1054 1425 1120; x_wconf 87' lang='lat' dir='ltr'>arbitratu</span> <span class='ocrx_word' id='word_1_46' title='bbox 1447 1063 1588 1119; x_wconf 89' lang='lat' dir='ltr'>motasse</span> 
     </span>
     <span class='ocr_line' id='line_1_7' title="bbox 171 1167 1587 1248; baseline -0.001 -12"><span class='ocrx_word' id='word_1_47' title='bbox 171 1171 292 1248; x_wconf 89' lang='lat' dir='ltr'>videri,</span> <span class='ocrx_word' id='word_1_48' title='bbox 326 1181 362 1237; x_wconf 87' lang='lat' dir='ltr'>ut</span> <span class='ocrx_word' id='word_1_49' title='bbox 385 1179 588 1236; x_wconf 89' lang='lat' dir='ltr'>tetrametros</span> <span class='ocrx_word' id='word_1_50' title='bbox 611 1169 686 1235; x_wconf 91' lang='lat' dir='ltr'>inde</span> <span class='ocrx_word' id='word_1_51' title='bbox 710 1170 848 1235; x_wconf 87' lang='lat' dir='ltr'>efficeret</span> <span class='ocrx_word' id='word_1_52' title='bbox 871 1167 1081 1244; x_wconf 88' lang='lat' dir='ltr'>Bacchiacos,</span> <span class='ocrx_word' id='word_1_53' title='bbox 1114 1169 1217 1235; x_wconf 90' lang='lat' dir='ltr'>sentio</span> <span class='ocrx_word' id='word_1_54' title='bbox 1245 1169 1308 1235; x_wconf 91' lang='lat' dir='ltr'>iam</span> <span class='ocrx_word' id='word_1_55' title='bbox 1332 1191 1383 1234; x_wconf 92' lang='lat' dir='ltr'>me</span> <span class='ocrx_word' id='word_1_56' title='bbox 1405 1171 1489 1235; x_wconf 89' lang='lat' dir='ltr'>insto</span> <span class='ocrx_word' id='word_1_57' title='bbox 1519 1169 1587 1234; x_wconf 91' lang='lat' dir='ltr'>lon-</span> 
     </span>
     <span class='ocr_line' id='line_1_8' title="bbox 171 1282 1589 1373; baseline -0.003 -21"><span class='ocrx_word' id='word_1_58' title='bbox 171 1287 242 1373; x_wconf 85' lang='lat' dir='ltr'>gius</span> <span class='ocrx_word' id='word_1_59' title='bbox 275 1307 344 1352; x_wconf 89' lang='lat' dir='ltr'>esse</span> <span class='ocrx_word' id='word_1_60' title='bbox 373 1294 573 1372; x_wconf 87' lang='lat' dir='ltr'>provectum.</span> <span class='ocrx_word' id='word_1_61' title='bbox 619 1282 660 1350; x_wconf 86' lang='lat' dir='ltr'>Et</span> <span class='ocrx_word' id='word_1_62' title='bbox 690 1285 795 1351; x_wconf 91' lang='lat' dir='ltr'>omnia</span> <span class='ocrx_word' id='word_1_63' title='bbox 829 1283 956 1371; x_wconf 90' lang='lat' dir='ltr'>quidem</span> <span class='ocrx_word' id='word_1_64' title='bbox 986 1283 1110 1350; x_wconf 90' lang='lat' dir='ltr'>mallem</span> <span class='ocrx_word' id='word_1_65' title='bbox 1142 1306 1236 1371; x_wconf 88' lang='lat' dir='ltr'>quam</span> <span class='ocrx_word' id='word_1_66' title='bbox 1259 1285 1375 1350; x_wconf 89' lang='lat' dir='ltr'>iniuste</span> <span class='ocrx_word' id='word_1_67' title='bbox 1405 1284 1511 1350; x_wconf 86' lang='lat' dir='ltr'>lacere</span> <span class='ocrx_word' id='word_1_68' title='bbox 1533 1283 1589 1349; x_wconf 90' lang='lat' dir='ltr'>ad·</span> 
     </span>
     <span class='ocr_line' id='line_1_9' title="bbox 174 1396 1587 1488; baseline -0.003 -21"><span class='ocrx_word' id='word_1_69' title='bbox 174 1423 285 1467; x_wconf 88' lang='lat' dir='ltr'>versus</span> <span class='ocrx_word' id='word_1_70' title='bbox 309 1401 413 1466; x_wconf 89' lang='lat' dir='ltr'>virum</span> <span class='ocrx_word' id='word_1_71' title='bbox 438 1400 478 1466; x_wconf 87' lang='lat' dir='ltr'>de</span> <span class='ocrx_word' id='word_1_72' title='bbox 500 1400 686 1488; x_wconf 81' lang='lat' dir='ltr'>antiquitate</span> <span class='ocrx_word' id='word_1_73' title='bbox 707 1397 852 1466; x_wconf 88' lang='lat' dir='ltr'>Romana</span> <span class='ocrx_word' id='word_1_74' title='bbox 874 1399 1120 1465; x_wconf 88' lang='lat' dir='ltr'>meritissimum.</span> <span class='ocrx_word' id='word_1_75' title='bbox 1166 1396 1239 1465; x_wconf 90' lang='lat' dir='ltr'>Nec</span> <span class='ocrx_word' id='word_1_76' title='bbox 1263 1399 1338 1466; x_wconf 85' lang='lat' dir='ltr'>milri</span> <span class='ocrx_word' id='word_1_77' title='bbox 1361 1399 1492 1465; x_wconf 91' lang='lat' dir='ltr'>dubium</span> <span class='ocrx_word' id='word_1_78' title='bbox 1515 1398 1587 1474; x_wconf 85' lang='lat' dir='ltr'>luit,</span> 
     </span>
     <span class='ocr_line' id='line_1_10' title="bbox 173 1511 1589 1606; baseline -0.004 -22"><span class='ocrx_word' id='word_1_79' title='bbox 173 1519 250 1606; x_wconf 89' lang='lat' dir='ltr'>quin</span> <span class='ocrx_word' id='word_1_80' title='bbox 273 1515 472 1583; x_wconf 90' lang='lat' dir='ltr'>Niebuhrins</span> <span class='ocrx_word' id='word_1_81' title='bbox 495 1517 630 1603; x_wconf 91' lang='lat' dir='ltr'>amplius</span> <span class='ocrx_word' id='word_1_82' title='bbox 653 1516 841 1582; x_wconf 85' lang='lat' dir='ltr'>sexennium</span> <span class='ocrx_word' id='word_1_83' title='bbox 857 1511 980 1580; x_wconf 87' lang='lat' dir='ltr'>Romae</span> <span class='ocrx_word' id='word_1_84' title='bbox 1003 1525 1161 1591; x_wconf 80' lang='lat' dir='ltr'>moratus,</span> <span class='ocrx_word' id='word_1_85' title='bbox 1184 1515 1254 1602; x_wconf 91' lang='lat' dir='ltr'>pins</span> <span class='ocrx_word' id='word_1_86' title='bbox 1277 1515 1498 1602; x_wconf 87' lang='lat' dir='ltr'>sepulcrorum</span> <span class='ocrx_word' id='word_1_87' title='bbox 1517 1511 1589 1580; x_wconf 90' lang='lat' dir='ltr'>Soi-</span> 
     </span>
     <span class='ocr_line' id='line_1_11' title="bbox 172 1629 1586 1720; baseline -0.002 -23"><span class='ocrx_word' id='word_1_88' title='bbox 172 1634 304 1720; x_wconf 93' lang='lat' dir='ltr'>pionum</span> <span class='ocrx_word' id='word_1_89' title='bbox 327 1633 467 1716; x_wconf 78' lang='lat' dir='ltr'>enltor,2]</span> <span class='ocrx_word' id='word_1_90' title='bbox 493 1631 767 1717; x_wconf 87' lang='lat' dir='ltr'>diligentissimus,</span> <span class='ocrx_word' id='word_1_91' title='bbox 793 1631 907 1719; x_wconf 87' lang='lat' dir='ltr'>quoad·</span> <span class='ocrx_word' id='word_1_92' title='bbox 920 1631 1010 1697; x_wconf 87' lang='lat' dir='ltr'>licuit</span> <span class='ocrx_word' id='word_1_93' title='bbox 1034 1632 1076 1715; x_wconf 85' lang='lat' dir='ltr'>(et</span> <span class='ocrx_word' id='word_1_94' title='bbox 1097 1651 1157 1717; x_wconf 92' lang='lat' dir='ltr'>pro</span> <span class='ocrx_word' id='word_1_95' title='bbox 1180 1630 1291 1696; x_wconf 83' lang='lat' dir='ltr'>dolori</span> <span class='ocrx_word' id='word_1_96' title='bbox 1316 1651 1356 1696; x_wconf 88' lang='lat' dir='ltr'>no</span> <span class='ocrx_word' id='word_1_97' title='bbox 1380 1631 1434 1696; x_wconf 89' lang='lat' dir='ltr'>tali</span> <span class='ocrx_word' id='word_1_98' title='bbox 1457 1629 1586 1718; x_wconf 90' lang='lat' dir='ltr'>qnidam</span> 
     </span>
     <span class='ocr_line' id='line_1_12' title="bbox 177 1745 1589 1835; baseline -0.001 -23"><span class='ocrx_word' id='word_1_99' title='bbox 177 1748 247 1812; x_wconf 88' lang='lat' dir='ltr'>viro</span> <span class='ocrx_word' id='word_1_100' title='bbox 263 1747 377 1814; x_wconf 88' lang='lat' dir='ltr'>scrinia</span> <span class='ocrx_word' id='word_1_101' title='bbox 394 1769 435 1812; x_wconf 84' lang='lat' dir='ltr'>ex</span> <span class='ocrx_word' id='word_1_102' title='bbox 451 1755 560 1835; x_wconf 89' lang='lat' dir='ltr'>optato</span> <span class='ocrx_word' id='word_1_103' title='bbox 575 1746 750 1834; x_wconf 75' lang='lat' dir='ltr'>patebant),</span> <span class='ocrx_word' id='word_1_104' title='bbox 785 1745 887 1812; x_wconf 89' lang='lat' dir='ltr'>musei</span> <span class='ocrx_word' id='word_1_105' title='bbox 901 1745 1044 1812; x_wconf 88' lang='lat' dir='ltr'>Vaticani</span> <span class='ocrx_word' id='word_1_106' title='bbox 1058 1746 1284 1832; x_wconf 79' lang='lat' dir='ltr'>investigator,</span> <span class='ocrx_word' id='word_1_107' title='bbox 1303 1745 1424 1833; x_wconf 90' lang='lat' dir='ltr'>optimo</span> <span class='ocrx_word' id='word_1_108' title='bbox 1438 1746 1510 1812; x_wconf 91' lang='lat' dir='ltr'>inre</span> <span class='ocrx_word' id='word_1_109' title='bbox 1526 1755 1589 1811; x_wconf 84' lang='lat' dir='ltr'>tes-</span> 
     </span>
     <span class='ocr_line' id='line_1_13' title="bbox 176 1859 1588 1948; baseline -0.001 -20"><span class='ocrx_word' id='word_1_110' title='bbox 176 1872 318 1940; x_wconf 87' lang='lat' dir='ltr'>taretur,</span> <span class='ocrx_word' id='word_1_111' title='bbox 341 1861 626 1928; x_wconf 79' lang='lat' dir='ltr'>manifestissimam</span> <span class='ocrx_word' id='word_1_112' title='bbox 648 1883 799 1928; x_wconf 87' lang='lat' dir='ltr'>versuum</span> <span class='ocrx_word' id='word_1_113' title='bbox 835 1860 1069 1927; x_wconf 86' lang='lat' dir='ltr'>distinctionem</span> <span class='ocrx_word' id='word_1_114' title='bbox 1103 1863 1266 1944; x_wconf 84' lang='lat' dir='ltr'>exstare.³)</span> <span class='ocrx_word' id='word_1_115' title='bbox 1313 1859 1400 1938; x_wconf 86' lang='lat' dir='ltr'>Sed,</span> <span class='ocrx_word' id='word_1_116' title='bbox 1436 1860 1588 1948; x_wconf 88' lang='lat' dir='ltr'>quoniam</span> 
     </span>
     <span class='ocr_line' id='line_1_14' title="bbox 174 1975 1589 2064; baseline -0.001 -20"><span class='ocrx_word' id='word_1_117' title='bbox 174 1977 329 2047; x_wconf 88' lang='lat' dir='ltr'>Pirancsii</span> <span class='ocrx_word' id='word_1_118' title='bbox 353 1986 385 2042; x_wconf 90' lang='lat' dir='ltr'>et</span> <span class='ocrx_word' id='word_1_119' title='bbox 401 1975 553 2043; x_wconf 87' lang='lat' dir='ltr'>Viscontii</span> <span class='ocrx_word' id='word_1_120' title='bbox 576 1997 675 2064; x_wconf 89' lang='lat' dir='ltr'>opera</span> <span class='ocrx_word' id='word_1_121' title='bbox 698 1997 762 2042; x_wconf 93' lang='lat' dir='ltr'>non</span> <span class='ocrx_word' id='word_1_122' title='bbox 785 1985 913 2064; x_wconf 90' lang='lat' dir='ltr'>praesto</span> <span class='ocrx_word' id='word_1_123' title='bbox 937 1985 1046 2052; x_wconf 90' lang='lat' dir='ltr'>erant,</span> <span class='ocrx_word' id='word_1_124' title='bbox 1071 1975 1197 2042; x_wconf 90' lang='lat' dir='ltr'>titulum</span> <span class='ocrx_word' id='word_1_125' title='bbox 1215 1998 1256 2044; x_wconf 89' lang='lat' dir='ltr'>ex</span> <span class='ocrx_word' id='word_1_126' title='bbox 1273 1976 1384 2044; x_wconf 88' lang='lat' dir='ltr'>Orellii</span> <span class='ocrx_word' id='word_1_127' title='bbox 1400 1976 1589 2042; x_wconf 82' lang='lat' dir='ltr'>collectione</span> 
     </span>
     <span class='ocr_line' id='line_1_15' title="bbox 173 2090 1589 2181; baseline -0.003 -21"><span class='ocrx_word' id='word_1_128' title='bbox 173 2094 301 2181; x_wconf 86' lang='lat' dir='ltr'>repetii,</span> <span class='ocrx_word' id='word_1_129' title='bbox 326 2093 410 2179; x_wconf 88' lang='lat' dir='ltr'>apud</span> <span class='ocrx_word' id='word_1_130' title='bbox 434 2115 528 2180; x_wconf 91' lang='lat' dir='ltr'>quem</span> <span class='ocrx_word' id='word_1_131' title='bbox 551 2093 643 2158; x_wconf 88' lang='lat' dir='ltr'>aliter</span> <span class='ocrx_word' id='word_1_132' title='bbox 666 2114 777 2159; x_wconf 90' lang='lat' dir='ltr'>versus</span> <span class='ocrx_word' id='word_1_133' title='bbox 801 2092 1037 2178; x_wconf 91' lang='lat' dir='ltr'>disiunguntur.</span> <span class='ocrx_word' id='word_1_134' title='bbox 1084 2090 1150 2158; x_wconf 89' lang='lat' dir='ltr'>lam</span> <span class='ocrx_word' id='word_1_135' title='bbox 1182 2091 1276 2158; x_wconf 87' lang='lat' dir='ltr'>video</span> <span class='ocrx_word' id='word_1_136' title='bbox 1309 2091 1471 2177; x_wconf 86' lang='lat' dir='ltr'>Eggcrum</span> <span class='ocrx_word' id='word_1_137' title='bbox 1507 2111 1589 2178; x_wconf 88' lang='lat' dir='ltr'>qno-</span> 
     </span>
     <span class='ocr_line' id='line_1_16' title="bbox 175 2207 1587 2296; baseline -0.002 -21"><span class='ocrx_word' id='word_1_138' title='bbox 175 2231 255 2296; x_wconf 87' lang='lat' dir='ltr'>que,</span> <span class='ocrx_word' id='word_1_139' title='bbox 281 2209 382 2274; x_wconf 90' lang='lat' dir='ltr'>virum</span> <span class='ocrx_word' id='word_1_140' title='bbox 407 2208 642 2287; x_wconf 89' lang='lat' dir='ltr'>doctissimum,</span> <span class='ocrx_word' id='word_1_141' title='bbox 679 2208 718 2273; x_wconf 89' lang='lat' dir='ltr'>ad</span> <span class='ocrx_word' id='word_1_142' title='bbox 743 2229 838 2294; x_wconf 87' lang='lat' dir='ltr'>quem</span> <span class='ocrx_word' id='word_1_143' title='bbox 861 2207 1020 2294; x_wconf 81' lang='lat' dir='ltr'>relegavi,</span> <span class='ocrx_word' id='word_1_144' title='bbox 1044 2217 1190 2274; x_wconf 87' lang='lat' dir='ltr'>accurate</span> <span class='ocrx_word' id='word_1_145' title='bbox 1213 2208 1309 2273; x_wconf 91' lang='lat' dir='ltr'>ltalos</span> <span class='ocrx_word' id='word_1_146' title='bbox 1331 2216 1491 2283; x_wconf 87' lang='lat' dir='ltr'>secutum,</span> <span class='ocrx_word' id='word_1_147' title='bbox 1529 2227 1587 2292; x_wconf 92' lang='lat' dir='ltr'>pro</span> 
     </span>
     <span class='ocr_line' id='line_1_17' title="bbox 176 2321 1587 2410; baseline -0.003 -20"><span class='ocrx_word' id='word_1_148' title='bbox 176 2332 265 2390; x_wconf 89' lang='lat' dir='ltr'>certo</span> <span class='ocrx_word' id='word_1_149' title='bbox 287 2325 462 2398; x_wconf 86' lang='lat' dir='ltr'>affirmare,</span> <span class='ocrx_word' id='word_1_150' title='bbox 486 2324 519 2388; x_wconf 91' lang='lat' dir='ltr'>in</span> <span class='ocrx_word' id='word_1_151' title='bbox 543 2321 671 2389; x_wconf 87' lang='lat' dir='ltr'>Barbati</span> <span class='ocrx_word' id='word_1_152' title='bbox 695 2323 800 2410; x_wconf 90' lang='lat' dir='ltr'>elogio</span> <span class='ocrx_word' id='word_1_153' title='bbox 823 2323 947 2390; x_wconf 88' lang='lat' dir='ltr'>lineolis</span> <span class='ocrx_word' id='word_1_154' title='bbox 971 2323 1097 2407; x_wconf 79' lang='grc' dir='ltr'><em>στίχους</em></span> <span class='ocrx_word' id='word_1_155' title='bbox 1119 2323 1161 2388; x_wconf 89' lang='lat' dir='ltr'>ita</span> <span class='ocrx_word' id='word_1_156' title='bbox 1185 2323 1365 2409; x_wconf 87' lang='lat' dir='ltr'>segregari,</span> <span class='ocrx_word' id='word_1_157' title='bbox 1401 2330 1435 2388; x_wconf 88' lang='lat' dir='ltr'>ut</span> <span class='ocrx_word' id='word_1_158' title='bbox 1459 2322 1587 2388; x_wconf 90' lang='lat' dir='ltr'>omnino</span> 
     </span>
     <span class='ocr_line' id='line_1_18' title="bbox 175 2437 758 2527; baseline -0.002 -22"><span class='ocrx_word' id='word_1_159' title='bbox 175 2439 316 2527; x_wconf 86' lang='lat' dir='ltr'>quinque</span> <span class='ocrx_word' id='word_1_160' title='bbox 338 2439 417 2514; x_wconf 87' lang='lat' dir='ltr'>sint,</span> <span class='ocrx_word' id='word_1_161' title='bbox 441 2439 474 2503; x_wconf 94' lang='lat' dir='ltr'>in</span> <span class='ocrx_word' id='word_1_162' title='bbox 497 2439 581 2504; x_wconf 90' lang='lat' dir='ltr'>hunc</span> <span class='ocrx_word' id='word_1_163' title='bbox 604 2437 758 2504; x_wconf 90' lang='lat' dir='ltr'>modum:</span> 
     </span>
     <span class='ocr_line' id='line_1_19' title="bbox 175 2569 1582 2622; baseline -0.006 0"><span class='ocrx_word' id='word_1_164' title='bbox 175 2574 368 2622; x_wconf 81' lang='lat' dir='ltr'>oonnnnrvs.</span> <span class='ocrx_word' id='word_1_165' title='bbox 395 2573 522 2620; x_wconf 84' lang='lat' dir='ltr'>nvcrvs.</span> <span class='ocrx_word' id='word_1_166' title='bbox 549 2573 665 2620; x_wconf 82' lang='lat' dir='ltr'>sciero.</span> <span class='ocrx_word' id='word_1_167' title='bbox 691 2573 876 2622; x_wconf 77' lang='lat' dir='ltr'>nsnnnrvs</span> <span class='ocrx_word' id='word_1_168' title='bbox 904 2573 1060 2621; x_wconf 81' lang='lat' dir='ltr'>eumvon.</span> <span class='ocrx_word' id='word_1_169' title='bbox 1087 2573 1205 2620; x_wconf 78' lang='lat' dir='ltr'>esrum</span> <span class='ocrx_word' id='word_1_170' title='bbox 1232 2571 1437 2620; x_wconf 78' lang='lat' dir='ltr'>rnoonsrvs.</span> <span class='ocrx_word' id='word_1_171' title='bbox 1457 2569 1582 2618; x_wconf 80' lang='lat' dir='ltr'>rostris,</span> 
     </span>
    </p>

    <p class='ocr_par' dir='ltr' id='par_1_4' title="bbox 176 2687 1411 3207">
     <span class='ocr_line' id='line_1_20' title="bbox 1051 2687 1411 2742; baseline -0.006 -7"><span class='ocrx_word' id='word_1_172' title='bbox 1051 2690 1121 2736; x_wconf 85' lang='lat' dir='ltr'>vra.</span> <span class='ocrx_word' id='word_1_173' title='bbox 1149 2687 1347 2742; x_wconf 82' lang='lat' dir='ltr'>ssrrnnsovn</span> <span class='ocrx_word' id='word_1_174' title='bbox 1371 2705 1411 2715; x_wconf 89' lang='lat'>-</span> 
     </span>
     <span class='ocr_line' id='line_1_21' title="bbox 176 2804 1012 2862; baseline -0.002 -10"><span class='ocrx_word' id='word_1_175' title='bbox 176 2805 308 2862; x_wconf 82' lang='lat' dir='ltr'>ovorvs.</span> <span class='ocrx_word' id='word_1_176' title='bbox 336 2804 461 2851; x_wconf 80' lang='lat' dir='ltr'>nouus.</span> <span class='ocrx_word' id='word_1_177' title='bbox 489 2805 648 2852; x_wconf 84' lang='lat' dir='ltr'>vmvvrnr</span> <span class='ocrx_word' id='word_1_178' title='bbox 677 2804 847 2851; x_wconf 80' lang='lat' dir='ltr'>nnnrsvnm</span> <span class='ocrx_word' id='word_1_179' title='bbox 871 2805 947 2851; x_wconf 85' lang='lat' dir='ltr'>nvrr</span> <span class='ocrx_word' id='word_1_180' title='bbox 971 2819 1012 2832; x_wconf 86' lang='lat'>-·</span> 
     </span>
     <span class='ocr_line' id='line_1_22' title="bbox 176 2901 1139 2976; baseline -0.004 -7"><span class='ocrx_word' id='word_1_181' title='bbox 176 2901 301 2969; x_wconf 80' lang='lat' dir='ltr'>conso&#39;n</span> <span class='ocrx_word' id='word_1_182' title='bbox 325 2919 461 2968; x_wconf 85' lang='lat' dir='ltr'>cnuson.</span> <span class='ocrx_word' id='word_1_183' title='bbox 488 2921 618 2966; x_wconf 79' lang='lat' dir='ltr'>smmis</span> <span class='ocrx_word' id='word_1_184' title='bbox 648 2920 735 2976; x_wconf 86' lang='lat' dir='ltr'>ovns.</span> <span class='ocrx_word' id='word_1_185' title='bbox 763 2921 850 2967; x_wconf 87' lang='lat' dir='ltr'>rvrr.</span> <span class='ocrx_word' id='word_1_186' title='bbox 884 2921 983 2966; x_wconf 81' lang='lat' dir='ltr'>sevo.</span> <span class='ocrx_word' id='word_1_187' title='bbox 1010 2918 1073 2966; x_wconf 94' lang='lat' dir='ltr'>vos</span> <span class='ocrx_word' id='word_1_188' title='bbox 1098 2933 1139 2946; x_wconf 91' lang='lat'>-—</span> 
     </span>
     <span class='ocr_line' id='line_1_23' title="bbox 176 3035 866 3084; baseline -0.001 -1"><span class='ocrx_word' id='word_1_189' title='bbox 176 3036 354 3084; x_wconf 77' lang='lat' dir='ltr'>vsvrmsrs.</span> <span class='ocrx_word' id='word_1_190' title='bbox 381 3036 521 3082; x_wconf 80' lang='lat' dir='ltr'>c1ssvus</span> <span class='ocrx_word' id='word_1_191' title='bbox 545 3035 680 3082; x_wconf 76' lang='lat' dir='ltr'>sensuro.</span> <span class='ocrx_word' id='word_1_192' title='bbox 708 3035 801 3082; x_wconf 81' lang='lat' dir='ltr'>cerm</span> <span class='ocrx_word' id='word_1_193' title='bbox 824 3053 866 3064; x_wconf 93' lang='lat'>—-</span> 
     </span>
     <span class='ocr_line' id='line_1_24' title="bbox 176 3149 1068 3207; baseline -0.002 -9"><span class='ocrx_word' id='word_1_194' title='bbox 176 3153 315 3200; x_wconf 81' lang='lat' dir='ltr'>svamm.</span> <span class='ocrx_word' id='word_1_195' title='bbox 343 3151 433 3198; x_wconf 81' lang='lat' dir='ltr'>omne</span> <span class='ocrx_word' id='word_1_196' title='bbox 458 3150 623 3197; x_wconf 70' lang='lat' dir='ltr'>novusne.</span> <span class='ocrx_word' id='word_1_197' title='bbox 651 3149 863 3207; x_wconf 76' lang='lat' dir='ltr'>oesmnsevn.</span> <span class='ocrx_word' id='word_1_198' title='bbox 891 3149 1068 3198; x_wconf 79' lang='lat' dir='ltr'>nnnovcrr.</span> 
     </span>
    </p>

    <p class='ocr_par' dir='ltr' id='par_1_5' title="bbox 266 3245 1588 3334">
     <span class='ocr_line' id='line_1_25' title="bbox 266 3245 1588 3334; baseline -0.002 -22"><span class='ocrx_word' id='word_1_199' title='bbox 266 3246 338 3329; x_wconf 79' lang='lat' dir='ltr'>Qua</span> <span class='ocrx_word' id='word_1_200' title='bbox 361 3246 488 3334; x_wconf 88' lang='lat' dir='ltr'>quidem</span> <span class='ocrx_word' id='word_1_201' title='bbox 513 3268 554 3312; x_wconf 88' lang='lat' dir='ltr'>ex</span> <span class='ocrx_word' id='word_1_202' title='bbox 576 3268 613 3312; x_wconf 91' lang='lat' dir='ltr'>re</span> <span class='ocrx_word' id='word_1_203' title='bbox 635 3246 738 3333; x_wconf 90' lang='lat' dir='ltr'>palam</span> <span class='ocrx_word' id='word_1_204' title='bbox 762 3245 814 3324; x_wconf 87' lang='lat' dir='ltr'>lit,</span> <span class='ocrx_word' id='word_1_205' title='bbox 847 3267 957 3313; x_wconf 87' lang='lat' dir='ltr'>versus</span> <span class='ocrx_word' id='word_1_206' title='bbox 980 3269 998 3312; x_wconf 87' lang='lat' dir='ltr'>a</span> <span class='ocrx_word' id='word_1_207' title='bbox 1022 3247 1125 3334; x_wconf 93' lang='lat' dir='ltr'>primo</span> <span class='ocrx_word' id='word_1_208' title='bbox 1149 3257 1180 3312; x_wconf 90' lang='lat' dir='ltr'>et</span> <span class='ocrx_word' id='word_1_209' title='bbox 1203 3247 1314 3312; x_wconf 87' lang='lat' dir='ltr'>ultimo</span> <span class='ocrx_word' id='word_1_210' title='bbox 1337 3245 1475 3311; x_wconf 89' lang='lat' dir='ltr'>inclusos</span> <span class='ocrx_word' id='word_1_211' title='bbox 1496 3245 1588 3331; x_wconf 85' lang='lat' dir='ltr'>plane</span> 
     </span>
    </p>

    <p class='ocr_par' dir='ltr' id='par_1_6' title="bbox 177 3359 1583 3448">
     <span class='ocr_line' id='line_1_26' title="bbox 177 3359 1583 3448; baseline -0.006 -18"><span class='ocrx_word' id='word_1_212' title='bbox 177 3384 250 3430; x_wconf 88' lang='lat' dir='ltr'>cum</span> <span class='ocrx_word' id='word_1_213' title='bbox 272 3359 442 3428; x_wconf 89' lang='lat' dir='ltr'>Niebuhrii</span> <span class='ocrx_word' id='word_1_214' title='bbox 464 3361 609 3428; x_wconf 87' lang='lat' dir='ltr'>versibus</span> <span class='ocrx_word' id='word_1_215' title='bbox 632 3382 820 3447; x_wconf 85' lang='lat' dir='ltr'>congruere.</span> <span class='ocrx_word' id='word_1_216' title='bbox 866 3361 907 3428; x_wconf 86' lang='lat' dir='ltr'>El</span> <span class='ocrx_word' id='word_1_217' title='bbox 933 3362 1044 3430; x_wconf 86' lang='lat' dir='ltr'>lacere&#39;</span> <span class='ocrx_word' id='word_1_218' title='bbox 1069 3383 1132 3428; x_wconf 92' lang='lat' dir='ltr'>non</span> <span class='ocrx_word' id='word_1_219' title='bbox 1166 3383 1294 3448; x_wconf 87' lang='lat' dir='ltr'>possum</span> <span class='ocrx_word' id='word_1_220' title='bbox 1327 3361 1402 3448; x_wconf 89' lang='lat' dir='ltr'>quin</span> <span class='ocrx_word' id='word_1_221' title='bbox 1434 3360 1485 3424; x_wconf 86' lang='lat' dir='ltr'>hic</span> <span class='ocrx_word' id='word_1_222' title='bbox 1516 3378 1583 3422; x_wconf 95' lang='lat' dir='ltr'>mo-</span> 
     </span>
    </p>
   </div>
   <div class='ocr_carea' id='block_1_3' title="bbox 173 3537 1588 4855">
    <p class='ocr_par' dir='ltr' id='par_1_7' title="bbox 281 3537 435 3607">
     <span class='ocr_line' id='line_1_27' title="bbox 281 3537 435 3607; baseline 0.013 -18"><span class='ocrx_word' id='word_1_223' title='bbox 281 3537 307 3607; x_wconf 79' lang='grc'>1)</span> <span class='ocrx_word' id='word_1_224' title='bbox 343 3541 372 3589; x_wconf 87' lang='grc' dir='ltr'>Ρ.</span> <span class='ocrx_word' id='word_1_225' title='bbox 392 3540 435 3591; x_wconf 73' lang='lat' dir='ltr'>to.</span> 
     </span>
    </p>

    <p class='ocr_par' dir='ltr' id='par_1_8' title="bbox 175 3623 1587 4121">
     <span class='ocr_line' id='line_1_28' title="bbox 280 3623 1580 3695; baseline -0.005 -17"><span class='ocrx_word' id='word_1_226' title='bbox 280 3623 303 3695; x_wconf 74' lang='grc'>2)</span> <span class='ocrx_word' id='word_1_227' title='bbox 339 3628 380 3678; x_wconf 85' lang='lat' dir='ltr'>Cl.</span> <span class='ocrx_word' id='word_1_228' title='bbox 398 3629 529 3692; x_wconf 87' lang='lat' dir='ltr'>epistolae</span> <span class='ocrx_word' id='word_1_229' title='bbox 548 3629 631 3680; x_wconf 85' lang='lat' dir='ltr'>Roma</span> <span class='ocrx_word' id='word_1_230' title='bbox 651 3629 728 3680; x_wconf 89' lang='lat' dir='ltr'>datae</span> <span class='ocrx_word' id='word_1_231' title='bbox 754 3629 781 3679; x_wconf 95' lang='lat' dir='ltr'>in</span> <span class='ocrx_word' id='word_1_232' title='bbox 799 3629 890 3680; x_wconf 88' lang='lat' dir='ltr'>libro:</span> <span class='ocrx_word' id='word_1_233' title='bbox 917 3631 1201 3681; x_wconf 85' lang='lat' dir='ltr'>Lohensnaehriehten</span> <span class='ocrx_word' id='word_1_234' title='bbox 1226 3627 1294 3678; x_wconf 88' lang='lat' dir='ltr'>iiber</span> <span class='ocrx_word' id='word_1_235' title='bbox 1312 3625 1340 3676; x_wconf 86' lang='lat' dir='ltr'>B.</span> <span class='ocrx_word' id='word_1_236' title='bbox 1362 3627 1393 3679; x_wconf 88' lang='lat' dir='ltr'>G.</span> <span class='ocrx_word' id='word_1_237' title='bbox 1420 3625 1538 3677; x_wconf 86' lang='lat' dir='ltr'>Niehuhr</span> <span class='ocrx_word' id='word_1_238' title='bbox 1557 3624 1580 3673; x_wconf 94' lang='lat' dir='ltr'>ll</span> 
     </span>
     <span class='ocr_line' id='line_1_29' title="bbox 175 3715 1577 3783; baseline -0.003 -15"><span class='ocrx_word' id='word_1_239' title='bbox 175 3717 239 3768; x_wconf 85' lang='lat' dir='ltr'>Nro.</span> <span class='ocrx_word' id='word_1_240' title='bbox 258 3715 311 3768; x_wconf 76' lang='grc'>317</span> <span class='ocrx_word' id='word_1_241' title='bbox 329 3731 397 3781; x_wconf 84' lang='lat' dir='ltr'>sqq..</span> <span class='ocrx_word' id='word_1_242' title='bbox 417 3717 445 3767; x_wconf 93' lang='lat' dir='ltr'>in</span> <span class='ocrx_word' id='word_1_243' title='bbox 464 3718 569 3782; x_wconf 62' lang='lat' dir='ltr'>quihus*</span> <span class='ocrx_word' id='word_1_244' title='bbox 580 3717 656 3767; x_wconf 88' lang='lat' dir='ltr'>locus</span> <span class='ocrx_word' id='word_1_245' title='bbox 676 3718 755 3768; x_wconf 80' lang='lat' dir='ltr'>valde</span> <span class='ocrx_word' id='word_1_246' title='bbox 773 3723 815 3768; x_wconf 88' lang='lat' dir='ltr'>est</span> <span class='ocrx_word' id='word_1_247' title='bbox 833 3719 1030 3778; x_wconf 84' lang='lat' dir='ltr'>memorabilis,</span> <span class='ocrx_word' id='word_1_248' title='bbox 1056 3720 1103 3783; x_wconf 88' lang='lat' dir='ltr'>qui</span> <span class='ocrx_word' id='word_1_249' title='bbox 1120 3719 1219 3782; x_wconf 85' lang='lat' dir='ltr'>legitur</span> <span class='ocrx_word' id='word_1_250' title='bbox 1237 3731 1262 3780; x_wconf 93' lang='lat' dir='ltr'>p.</span> <span class='ocrx_word' id='word_1_251' title='bbox 1285 3716 1353 3768; x_wconf 65' lang='lat'>269:</span> <span class='ocrx_word' id='word_1_252' title='bbox 1387 3717 1456 3765; x_wconf 80' lang='lat' dir='ltr'>»leh</span> <span class='ocrx_word' id='word_1_253' title='bbox 1474 3715 1577 3764; x_wconf 77' lang='lat' dir='ltr'>trachis</span> 
     </span>
     <span class='ocr_line' id='line_1_30' title="bbox 176 3805 1587 3870; baseline -0.002 -15"><span class='ocrx_word' id='word_1_254' title='bbox 176 3806 315 3870; x_wconf 86' lang='lat' dir='ltr'>darnach,</span> <span class='ocrx_word' id='word_1_255' title='bbox 335 3806 382 3856; x_wconf 89' lang='lat' dir='ltr'>das</span> <span class='ocrx_word' id='word_1_256' title='bbox 403 3805 475 3856; x_wconf 83' lang='lat' dir='ltr'>Grah</span> <span class='ocrx_word' id='word_1_257' title='bbox 495 3806 544 3856; x_wconf 87' lang='lat' dir='ltr'>der</span> <span class='ocrx_word' id='word_1_258' title='bbox 562 3806 707 3868; x_wconf 85' lang='lat' dir='ltr'>Scipionen</span> <span class='ocrx_word' id='word_1_259' title='bbox 725 3821 758 3856; x_wconf 83' lang='lat' dir='ltr'>zu</span> <span class='ocrx_word' id='word_1_260' title='bbox 777 3807 886 3858; x_wconf 78' lang='lat' dir='ltr'>insulan.</span> <span class='ocrx_word' id='word_1_261' title='bbox 919 3809 972 3858; x_wconf 85' lang='lat' dir='ltr'>Das</span> <span class='ocrx_word' id='word_1_262' title='bbox 992 3807 1028 3858; x_wconf 87' lang='lat' dir='ltr'>ist</span> <span class='ocrx_word' id='word_1_263' title='bbox 1040 3806 1280 3858; x_wconf 84' lang='lat' dir='ltr'>oharahteristtsch</span> <span class='ocrx_word' id='word_1_264' title='bbox 1300 3805 1344 3856; x_wconf 82' lang='lat' dir='ltr'>t&#39;rir</span> <span class='ocrx_word' id='word_1_265' title='bbox 1358 3805 1415 3854; x_wconf 88' lang='lat' dir='ltr'>dies</span> <span class='ocrx_word' id='word_1_266' title='bbox 1429 3817 1498 3854; x_wconf 89' lang='lat' dir='ltr'>neue</span> <span class='ocrx_word' id='word_1_267' title='bbox 1512 3805 1587 3861; x_wconf 83' lang='lat' dir='ltr'>Rom,</span> 
     </span>
     <span class='ocr_line' id='line_1_31' title="bbox 176 3891 1587 3961; baseline -0.003 -17"><span class='ocrx_word' id='word_1_268' title='bbox 176 3895 239 3944; x_wconf 87' lang='lat' dir='ltr'>dass</span> <span class='ocrx_word' id='word_1_269' title='bbox 258 3895 295 3943; x_wconf 93' lang='lat' dir='ltr'>im</span> <span class='ocrx_word' id='word_1_270' title='bbox 312 3894 380 3943; x_wconf 83' lang='lat' dir='ltr'>Jahr</span> <span class='ocrx_word' id='word_1_271' title='bbox 399 3894 482 3952; x_wconf 75' lang='lat' dir='ltr'>troo,</span> <span class='ocrx_word' id='word_1_272' title='bbox 500 3895 539 3944; x_wconf 85' lang='lat' dir='ltr'>als</span> <span class='ocrx_word' id='word_1_273' title='bbox 558 3895 615 3944; x_wconf 90' lang='lat' dir='ltr'>dias</span> <span class='ocrx_word' id='word_1_274' title='bbox 635 3896 740 3960; x_wconf 84' lang='lat' dir='ltr'>einzige</span> <span class='ocrx_word' id='word_1_275' title='bbox 758 3896 931 3961; x_wconf 81' lang='lat' dir='ltr'>ahrvviirdige</span> <span class='ocrx_word' id='word_1_276' title='bbox 950 3897 1084 3947; x_wconf 82' lang='lat' dir='ltr'>Dcnlsmal</span> <span class='ocrx_word' id='word_1_277' title='bbox 1103 3898 1149 3946; x_wconf 90' lang='lat' dir='ltr'>des</span> <span class='ocrx_word' id='word_1_278' title='bbox 1168 3895 1337 3946; x_wconf 82' lang='lat' dir='ltr'>Alterthums</span> <span class='ocrx_word' id='word_1_279' title='bbox 1355 3893 1483 3944; x_wconf 81' lang='lat' dir='ltr'>antdeelst</span> <span class='ocrx_word' id='word_1_280' title='bbox 1501 3891 1587 3947; x_wconf 82' lang='lat' dir='ltr'>ward,</span> 
     </span>
     <span class='ocr_line' id='line_1_32' title="bbox 177 3981 1587 4047; baseline -0.002 -15"><span class='ocrx_word' id='word_1_281' title='bbox 177 3983 221 4032; x_wconf 88' lang='lat' dir='ltr'>dis</span> <span class='ocrx_word' id='word_1_282' title='bbox 238 3983 309 4033; x_wconf 90' lang='lat' dir='ltr'>noch</span> <span class='ocrx_word' id='word_1_283' title='bbox 328 3995 395 4046; x_wconf 84' lang='lat' dir='ltr'>ganz</span> <span class='ocrx_word' id='word_1_284' title='bbox 413 3982 571 4033; x_wconf 84' lang='lat' dir='ltr'>erhaltsuen</span> <span class='ocrx_word' id='word_1_285' title='bbox 591 3982 708 4047; x_wconf 88' lang='lat' dir='ltr'>Gerippe</span> <span class='ocrx_word' id='word_1_286' title='bbox 727 3983 775 4033; x_wconf 85' lang='lat' dir='ltr'>des</span> <span class='ocrx_word' id='word_1_287' title='bbox 795 3985 887 4047; x_wconf 85' lang='lat' dir='ltr'>Scipio</span> <span class='ocrx_word' id='word_1_288' title='bbox 905 3998 953 4034; x_wconf 86' lang='lat' dir='ltr'>aus</span> <span class='ocrx_word' id='word_1_289' title='bbox 972 3985 1050 4035; x_wconf 88' lang='lat' dir='ltr'>ihren</span> <span class='ocrx_word' id='word_1_290' title='bbox 1077 3985 1245 4036; x_wconf 84' lang='lat' dir='ltr'>Steinhetten</span> <span class='ocrx_word' id='word_1_291' title='bbox 1268 3983 1388 4046; x_wconf 80' lang='lat' dir='ltr'>gerissen</span> <span class='ocrx_word' id='word_1_292' title='bbox 1407 3981 1460 4031; x_wconf 91' lang='lat' dir='ltr'>und</span> <span class='ocrx_word' id='word_1_293' title='bbox 1483 3993 1587 4044; x_wconf 79' lang='lat' dir='ltr'>wegge-</span> 
     </span>
     <span class='ocr_line' id='line_1_33' title="bbox 178 4070 449 4121; baseline -0.011 0"><span class='ocrx_word' id='word_1_294' title='bbox 178 4070 281 4121; x_wconf 84' lang='lat' dir='ltr'>vvorlen</span> <span class='ocrx_word' id='word_1_295' title='bbox 300 4071 449 4120; x_wconf 83' lang='lat' dir='ltr'>wordenta</span> 
     </span>
    </p>

    <p class='ocr_par' dir='ltr' id='par_1_9' title="bbox 173 4154 1588 4855">
     <span class='ocr_line' id='line_1_34' title="bbox 283 4154 1586 4224; baseline -0.002 -16"><span class='ocrx_word' id='word_1_296' title='bbox 283 4154 303 4223; x_wconf 88' lang='lat'>³)</span> <span class='ocrx_word' id='word_1_297' title='bbox 340 4160 418 4209; x_wconf 84' lang='lat' dir='ltr'>Iuvat</span> <span class='ocrx_word' id='word_1_298' title='bbox 442 4159 495 4209; x_wconf 91' lang='lat' dir='ltr'>hoc</span> <span class='ocrx_word' id='word_1_299' title='bbox 519 4159 579 4210; x_wconf 91' lang='lat' dir='ltr'>loco</span> <span class='ocrx_word' id='word_1_300' title='bbox 605 4159 688 4222; x_wconf 89' lang='lat' dir='ltr'>ipsius</span> <span class='ocrx_word' id='word_1_301' title='bbox 717 4161 799 4210; x_wconf 85' lang='lat' dir='ltr'>verba</span> <span class='ocrx_word' id='word_1_302' title='bbox 826 4167 950 4224; x_wconf 85' lang='lat' dir='ltr'>repetere</span> <span class='ocrx_word' id='word_1_303' title='bbox 978 4176 1009 4211; x_wconf 84' lang='lat' dir='ltr'>er</span> <span class='ocrx_word' id='word_1_304' title='bbox 1038 4162 1167 4212; x_wconf 83' lang='lat' dir='ltr'>historiae</span> <span class='ocrx_word' id='word_1_305' title='bbox 1184 4161 1320 4211; x_wconf 75' lang='lat' dir='ltr'>Romanae</span> <span class='ocrx_word' id='word_1_306' title='bbox 1348 4159 1467 4210; x_wconf 85' lang='lat' dir='ltr'>editione</span> <span class='ocrx_word' id='word_1_307' title='bbox 1493 4162 1586 4223; x_wconf 77' lang='lat' dir='ltr'>qutarta</span> 
     </span>
     <span class='ocr_line' id='line_1_35' title="bbox 176 4231 1587 4314; baseline -0.002 -19"><span class='ocrx_word' id='word_1_308' title='bbox 176 4261 202 4310; x_wconf 90' lang='lat' dir='ltr'>p.</span> <span class='ocrx_word' id='word_1_309' title='bbox 221 4246 281 4296; x_wconf 75' lang='lat' dir='ltr'>avt.</span> <span class='ocrx_word' id='word_1_310' title='bbox 301 4253 357 4297; x_wconf 82' lang='lat' dir='ltr'>not.</span> <span class='ocrx_word' id='word_1_311' title='bbox 375 4247 444 4298; x_wconf 75' lang='lat' dir='ltr'>ost:</span> <span class='ocrx_word' id='word_1_312' title='bbox 465 4247 545 4310; x_wconf 76' lang='lat' dir='ltr'>„Aul</span> <span class='ocrx_word' id='word_1_313' title='bbox 560 4248 621 4298; x_wconf 84' lang='lat' dir='ltr'>dem</span> <span class='ocrx_word' id='word_1_314' title='bbox 640 4248 706 4314; x_wconf 82' lang='lat' dir='ltr'>Sarg</span> <span class='ocrx_word' id='word_1_315' title='bbox 725 4249 966 4302; x_wconf 61' lang='lat' dir='ltr'>desciscimus</span> <span class='ocrx_word' id='word_1_316' title='bbox 985 4250 1046 4300; x_wconf 88' lang='lat' dir='ltr'>sind</span> <span class='ocrx_word' id='word_1_317' title='bbox 1066 4247 1113 4300; x_wconf 87' lang='lat' dir='ltr'>die</span> <span class='ocrx_word' id='word_1_318' title='bbox 1126 4250 1208 4300; x_wconf 83' lang='lat' dir='ltr'>Versa</span> <span class='ocrx_word' id='word_1_319' title='bbox 1222 4231 1307 4298; x_wconf 83' lang='lat' dir='ltr'>durch</span> <span class='ocrx_word' id='word_1_320' title='bbox 1319 4249 1467 4298; x_wconf 88' lang='lat' dir='ltr'>trennende</span> <span class='ocrx_word' id='word_1_321' title='bbox 1482 4245 1587 4295; x_wconf 87' lang='lat' dir='ltr'>Striehe</span> 
     </span>
     <span class='ocr_line' id='line_1_36' title="bbox 176 4333 1587 4400; baseline -0.004 -14"><span class='ocrx_word' id='word_1_322' title='bbox 176 4335 414 4400; x_wconf 79' lang='lat' dir='ltr'>augenscheinlich</span> <span class='ocrx_word' id='word_1_323' title='bbox 433 4337 609 4388; x_wconf 84' lang='lat' dir='ltr'>bezeichnet:</span> <span class='ocrx_word' id='word_1_324' title='bbox 629 4337 657 4386; x_wconf 92' lang='lat' dir='ltr'>in</span> <span class='ocrx_word' id='word_1_325' title='bbox 676 4337 728 4386; x_wconf 91' lang='lat' dir='ltr'>den</span> <span class='ocrx_word' id='word_1_326' title='bbox 745 4337 909 4388; x_wconf 87' lang='lat' dir='ltr'>lnschrilten</span> <span class='ocrx_word' id='word_1_327' title='bbox 927 4338 1016 4388; x_wconf 86' lang='lat' dir='ltr'>seinos</span> <span class='ocrx_word' id='word_1_328' title='bbox 1035 4338 1123 4388; x_wconf 89' lang='lat' dir='ltr'>Sohns</span> <span class='ocrx_word' id='word_1_329' title='bbox 1149 4338 1204 4388; x_wconf 90' lang='lat' dir='ltr'>und</span> <span class='ocrx_word' id='word_1_330' title='bbox 1224 4337 1271 4386; x_wconf 89' lang='lat' dir='ltr'>des</span> <span class='ocrx_word' id='word_1_331' title='bbox 1297 4336 1407 4390; x_wconf 81' lang='lat' dir='ltr'>Flamen</span> <span class='ocrx_word' id='word_1_332' title='bbox 1431 4334 1523 4384; x_wconf 86' lang='lat' dir='ltr'>hilden</span> <span class='ocrx_word' id='word_1_333' title='bbox 1547 4333 1587 4382; x_wconf 88' lang='lat' dir='ltr'>sie</span> 
     </span>
     <span class='ocr_line' id='line_1_37' title="bbox 176 4422 1588 4488; baseline -0.004 -14"><span class='ocrx_word' id='word_1_334' title='bbox 176 4425 278 4475; x_wconf 86' lang='lat' dir='ltr'>ehenso</span> <span class='ocrx_word' id='word_1_335' title='bbox 297 4424 368 4474; x_wconf 80' lang='lat' dir='ltr'>viole</span> <span class='ocrx_word' id='word_1_336' title='bbox 386 4425 492 4488; x_wconf 82' lang='lat' dir='ltr'>Zailen,</span> <span class='ocrx_word' id='word_1_337' title='bbox 512 4426 568 4475; x_wconf 88' lang='lat' dir='ltr'>und</span> <span class='ocrx_word' id='word_1_338' title='bbox 587 4425 646 4475; x_wconf 88' lang='lat' dir='ltr'>sind</span> <span class='ocrx_word' id='word_1_339' title='bbox 666 4425 705 4474; x_wconf 85' lang='lat' dir='ltr'>als</span> <span class='ocrx_word' id='word_1_340' title='bbox 724 4425 816 4475; x_wconf 88' lang='lat' dir='ltr'>solche</span> <span class='ocrx_word' id='word_1_341' title='bbox 830 4425 916 4476; x_wconf 87' lang='lat' dir='ltr'>durch</span> <span class='ocrx_word' id='word_1_342' title='bbox 929 4427 988 4476; x_wconf 92' lang='lat' dir='ltr'>ihre</span> <span class='ocrx_word' id='word_1_343' title='bbox 1001 4427 1064 4476; x_wconf 92' lang='lat' dir='ltr'>sehr</span> <span class='ocrx_word' id='word_1_344' title='bbox 1076 4427 1270 4476; x_wconf 86' lang='lat' dir='ltr'>verschiedene</span> <span class='ocrx_word' id='word_1_345' title='bbox 1283 4425 1372 4488; x_wconf 81' lang='lat' dir='ltr'>Liinge</span> <span class='ocrx_word' id='word_1_346' title='bbox 1385 4425 1485 4475; x_wconf 85' lang='lat' dir='ltr'>ehenso</span> <span class='ocrx_word' id='word_1_347' title='bbox 1498 4422 1588 4472; x_wconf 88' lang='lat' dir='ltr'>sichar</span> 
     </span>
     <span class='ocr_line' id='line_1_38' title="bbox 175 4511 1586 4578; baseline -0.004 -16"><span class='ocrx_word' id='word_1_348' title='bbox 175 4527 207 4562; x_wconf 84' lang='lat' dir='ltr'>su</span> <span class='ocrx_word' id='word_1_349' title='bbox 226 4513 382 4570; x_wconf 76' lang='lat' dir='ltr'>artronum,</span> <span class='ocrx_word' id='word_1_350' title='bbox 400 4514 453 4564; x_wconf 83' lang='lat' dir='ltr'>wie</span> <span class='ocrx_word' id='word_1_351' title='bbox 471 4515 499 4563; x_wconf 92' lang='lat' dir='ltr'>in</span> <span class='ocrx_word' id='word_1_352' title='bbox 518 4515 570 4564; x_wconf 90' lang='lat' dir='ltr'>den</span> <span class='ocrx_word' id='word_1_353' title='bbox 585 4513 703 4578; x_wconf 85' lang='lat' dir='ltr'>jiingern</span> <span class='ocrx_word' id='word_1_354' title='bbox 722 4514 766 4563; x_wconf 89' lang='lat' dir='ltr'>die</span> <span class='ocrx_word' id='word_1_355' title='bbox 784 4514 909 4578; x_wconf 74' lang='lat' dir='ltr'>illegan.l</span> <span class='ocrx_word' id='word_1_356' title='bbox 947 4515 1007 4566; x_wconf 90' lang='lat' dir='ltr'>Not.</span> <span class='ocrx_word' id='word_1_357' title='bbox 1026 4514 1091 4566; x_wconf 78' lang='lat'><strong>685:</strong></span> <span class='ocrx_word' id='word_1_358' title='bbox 1125 4517 1182 4578; x_wconf 78' lang='lat' dir='ltr'>„ln</span> <span class='ocrx_word' id='word_1_359' title='bbox 1201 4515 1250 4564; x_wconf 87' lang='lat' dir='ltr'>der</span> <span class='ocrx_word' id='word_1_360' title='bbox 1275 4515 1375 4564; x_wconf 83' lang='lat' dir='ltr'>dritten</span> <span class='ocrx_word' id='word_1_361' title='bbox 1399 4513 1469 4562; x_wconf 87' lang='lat' dir='ltr'>habe</span> <span class='ocrx_word' id='word_1_362' title='bbox 1493 4511 1537 4559; x_wconf 83' lang='lat' dir='ltr'>ich</span> <span class='ocrx_word' id='word_1_363' title='bbox 1563 4511 1586 4558; x_wconf 82' lang='lat' dir='ltr'>si</span> 
     </span>
     <span class='ocr_line' id='line_1_39' title="bbox 175 4597 1587 4668; baseline -0.004 -16"><span class='ocrx_word' id='word_1_364' title='bbox 175 4614 239 4652; x_wconf 89' lang='lat' dir='ltr'>vom</span> <span class='ocrx_word' id='word_1_365' title='bbox 257 4600 333 4652; x_wconf 78' lang='lat' dir='ltr'>Ende</span> <span class='ocrx_word' id='word_1_366' title='bbox 352 4601 398 4651; x_wconf 87' lang='lat' dir='ltr'>des</span> <span class='ocrx_word' id='word_1_367' title='bbox 417 4602 518 4652; x_wconf 88' lang='lat' dir='ltr'>dritten</span> <span class='ocrx_word' id='word_1_368' title='bbox 536 4617 570 4652; x_wconf 90' lang='lat' dir='ltr'>an</span> <span class='ocrx_word' id='word_1_369' title='bbox 589 4603 641 4652; x_wconf 87' lang='lat' dir='ltr'>den</span> <span class='ocrx_word' id='word_1_370' title='bbox 658 4601 766 4666; x_wconf 75' lang='lat' dir='ltr'>Aulang</span> <span class='ocrx_word' id='word_1_371' title='bbox 785 4602 831 4653; x_wconf 88' lang='lat' dir='ltr'>des</span> <span class='ocrx_word' id='word_1_372' title='bbox 850 4603 1007 4668; x_wconf 76' lang='lat' dir='ltr'>folgenden,</span> <span class='ocrx_word' id='word_1_373' title='bbox 1025 4605 1152 4654; x_wconf 73' lang='lat' dir='ltr'>motorum</span> <span class='ocrx_word' id='word_1_374' title='bbox 1170 4617 1231 4656; x_wconf 92' lang='lat' dir='ltr'>vom</span> <span class='ocrx_word' id='word_1_375' title='bbox 1250 4603 1356 4666; x_wconf 74' lang='lat' dir='ltr'>hnlang</span> <span class='ocrx_word' id='word_1_376' title='bbox 1380 4601 1427 4651; x_wconf 85' lang='lat' dir='ltr'>des</span> <span class='ocrx_word' id='word_1_377' title='bbox 1446 4597 1587 4648; x_wconf 87' lang='lat' dir='ltr'>siebenten</span> 
     </span>
     <span class='ocr_line' id='line_1_40' title="bbox 176 4684 1584 4758; baseline -0.004 -19"><span class='ocrx_word' id='word_1_378' title='bbox 176 4703 211 4740; x_wconf 91' lang='lat' dir='ltr'>au</span> <span class='ocrx_word' id='word_1_379' title='bbox 232 4688 285 4739; x_wconf 89' lang='lat' dir='ltr'>dsn</span> <span class='ocrx_word' id='word_1_380' title='bbox 303 4689 414 4740; x_wconf 89' lang='lat' dir='ltr'>Schluss</span> <span class='ocrx_word' id='word_1_381' title='bbox 434 4691 481 4741; x_wconf 89' lang='lat' dir='ltr'>des</span> <span class='ocrx_word' id='word_1_382' title='bbox 501 4690 744 4754; x_wconf 82' lang='lat' dir='ltr'>vorhergshonden</span> <span class='ocrx_word' id='word_1_383' title='bbox 762 4691 860 4742; x_wconf 86' lang='lat' dir='ltr'>Versas</span> <span class='ocrx_word' id='word_1_384' title='bbox 878 4693 1018 4756; x_wconf 82' lang='lat' dir='ltr'>gebracht.</span> <span class='ocrx_word' id='word_1_385' title='bbox 1054 4692 1264 4758; x_wconf 84' lang='lat' dir='ltr'>Durohgehends</span> <span class='ocrx_word' id='word_1_386' title='bbox 1282 4702 1406 4754; x_wconf 82' lang='lat' dir='ltr'>ungensu</span> <span class='ocrx_word' id='word_1_387' title='bbox 1425 4687 1484 4736; x_wconf 89' lang='lat' dir='ltr'>sind</span> <span class='ocrx_word' id='word_1_388' title='bbox 1497 4699 1527 4736; x_wconf 84' lang='lat' dir='ltr'>es</span> <span class='ocrx_word' id='word_1_389' title='bbox 1541 4684 1584 4736; x_wconf 87' lang='lat' dir='ltr'>die</span> 
     </span>
     <span class='ocr_line' id='line_1_41' title="bbox 173 4777 1102 4855; baseline 0.001 -26"><span class='ocrx_word' id='word_1_390' title='bbox 173 4778 349 4855; x_wconf 67' lang='lat' dir='ltr'>§teinmezen</span> <span class='ocrx_word' id='word_1_391' title='bbox 367 4792 411 4828; x_wconf 86' lang='lat' dir='ltr'>am</span> <span class='ocrx_word' id='word_1_392' title='bbox 429 4779 611 4829; x_wconf 88' lang='lat' dir='ltr'>allarmeisten</span> <span class='ocrx_word' id='word_1_393' title='bbox 630 4779 657 4828; x_wconf 85' lang='lat' dir='ltr'>in</span> <span class='ocrx_word' id='word_1_394' title='bbox 676 4777 724 4828; x_wconf 84' lang='lat' dir='ltr'>der</span> <span class='ocrx_word' id='word_1_395' title='bbox 743 4779 908 4844; x_wconf 76' lang='lat' dir='ltr'>Abtheilung</span> <span class='ocrx_word' id='word_1_396' title='bbox 927 4781 975 4830; x_wconf 87' lang='lat' dir='ltr'>dar</span> <span class='ocrx_word' id='word_1_397' title='bbox 994 4781 1102 4831; x_wconf 73' lang='lat' dir='ltr'>Verre«</span> 
     </span>
    </p>
   </div>
   <div class='ocr_carea' id='block_1_4' title="bbox 0 0 1842 5540">
    <p class='ocr_par' dir='ltr' id='par_1_10' title="bbox 0 0 1842 5540">
     <span class='ocr_line' id='line_1_42' title="bbox 0 0 1842 5540; baseline 0 0"><span class='ocrx_word' id='word_1_398' title='bbox 0 0 1842 5540; x_wconf 95' lang='lat' dir='ltr'> </span> 
     </span>
    </p>
   </div>
   <div class='ocr_carea' id='block_1_5' title="bbox 1831 2029 1834 2763">
    <p class='ocr_par' dir='ltr' id='par_1_11' title="bbox 1831 2029 1834 2763">
     <span class='ocr_line' id='line_1_43' title="bbox 1831 2029 1834 2763; baseline 0 0"><span class='ocrx_word' id='word_1_399' title='bbox 1831 2029 1834 2763; x_wconf 95' lang='lat' dir='ltr'> </span> 
     </span>
    </p>
   </div>
  </div>
 </body>
</html>
