3666 5544
828 423 1042 484 ..45-

229 595 336 666 turnio
359 594 402 660 ita
425 599 627 663 retractasse,
650 599 703 665 ut,
728 609 800 655 cum
823 589 885 657 iam
908 598 1000 654 antea
1023 595 1135 655 contra
1158 607 1212 662 ea,
1236 607 1317 674 quae
1339 587 1371 654 in
1388 588 1552 656 elementis
1568 589 1645 656 doe-

229 713 329 780 trinae
352 707 503 776 metricae
528 715 737 792 exposuerat,
771 725 837 769 nou
860 702 961 772 multa¹
982 701 1044 768 dici
1066 711 1213 788 possent,
1237 723 1323 768 nunc
1344 702 1378 770 in
1402 703 1542 790 epitome
1565 711 1645 772 tem-

229 826 367 914 peratius
392 822 652 909 exploratiusque
675 818 799 906 scriptis
824 818 953 884 omnino
976 817 1190 904 plaudendum
1213 817 1262 884 sit,
1310 815 1377 886 Sed
1392 817 1451 886 hac
1466 819 1507 884 de
1521 841 1558 885 ra
1572 819 1644 906 plu-

228 943 317 1008 ribus
341 939 443 1004 dicam
466 937 499 1002 in
522 958 560 1002 aa
582 934 771 1021 scriptione,
796 934 886 1002 cuius
910 932 1081 1001 editionem
1103 943 1271 1020 paraturus
1294 955 1375 1001 sum.
1420 931 1496 1000 Hoc
1517 934 1589 1002 loco
1611 935 1645 1001 id

228 1078 327 1126 unum
357 1073 517 1127 memoro,
552 1051 586 1118 in
616 1051 752 1136 epitome
783 1049 877 1116 etiarn
903 1045 1090 1134 Scipionum
1120 1048 1241 1134 elogia,
1279 1069 1361 1136 quae
1383 1045 1589 1116 Hermanuus
1611 1051 1645 1118 iu

230 1170 390 1240 elementis
414 1167 521 1236 nescio
545 1189 607 1254 qua
631 1165 671 1232 de
693 1185 787 1232 causa
810 1163 979 1240 omiserat,
1003 1165 1086 1230 inter
1110 1164 1255 1250 exemplu
1277 1164 1507 1245 »certissima«
1533 1185 1644 1232 versus

231 1287 372 1356 Saturnii
400 1283 571 1352 recenseri.
618 1280 734 1368 Neque
764 1290 869 1346 tamen
894 1279 1007 1346 endem
1030 1279 1126 1346 modo
1151 1299 1187 1347 ac
1211 1277 1409 1346 Niebubrius
1432 1291 1464 1346 et
1486 1302 1504 1346 a
1528 1282 1643 1348 ceteris

232 1406 303 1470 viris
327 1401 429 1468 doctis
452 1399 626 1486 paullulum
650 1395 813 1462 discedens
837 1415 948 1462 versus
966 1394 1130 1468 distinxit,
1154 1393 1210 1462 sed
1232 1395 1292 1470 ita,
1316 1403 1353 1460 nt
1367 1395 1508 1462 omnium
1525 1397 1643 1483 optime

228 1539 340 1588 eurum
365 1515 607 1590 Saturniorum,
642 1533 723 1601 quos
747 1507 956 1578 Terentianus
979 1507 1113 1579 Maurus
1146 1511 1308 1596 ceterique
1343 1512 1538 1596 grammatici
1572 1512 1643 1581 des-

227 1635 429 1720 cripserunt,
452 1629 592 1708 indolem
614 1648 651 1694 ac
673 1628 810 1697 sormam
834 1625 1022 1713 exprimant.
1068 1624 1176 1705 Quare
1199 1627 1477 1712 operaepretium
1501 1649 1554 1696 me
1573 1647 1643 1696 esse

229 1749 388 1817 facturum
410 1755 518 1822 ratus,
552 1745 579 1812 si
601 1745 658 1812 bos
682 1765 792 1812 versus
815 1751 963 1810 accurate
986 1742 1218 1816 transtulerim,
1254 1763 1368 1810 eorum
1391 1744 1538 1830 exempla
1559 1743 1641 1812 infru

230 1864 332 1951 posui.

318 1976 466 2062 Elogiutu
488 1975 586 2062 igitur
608 1972 738 2042 Barbati
761 1972 964 2040 Hermanuus
998 1974 1031 2040 in
1054 1973 1137 2040 huuc
1171 1973 1302 2040 modum
1336 1971 1538 2042 scribendum
1573 1994 1641 2042 esse

230 2102 358 2160 censet:
696 2109 698 2112 ·

497 2203 664 2272 Cornelius
687 2202 803 2270 Lucius
828 2201 937 2289 Scipio
961 2200 1118 2268 Barbatus

500 2321 631 2387 Gnaevd
655 2329 744 2406 patre
767 2329 942 2405 prognatus
966 2317 1058 2384 fdrtis
1082 2318 1131 2384 vir
1153 2318 1341 2404 sapiensque

496 2437 585 2502 cuius
608 2435 711 2500 forma
734 2435 843 2500 virtuti
866 2433 1041 2520 planissume
1062 2431 1132 2498 fuit.

492 2551 603 2618 consul
626 2573 740 2618 censor
761 2549 870 2618 aedilis
894 2551 948 2636 qui
970 2548 1031 2614 luit
1053 2547 1137 2634 apud
1166 2569 1232 2614 vos.

491 2665 673 2734 Taurdsiam
698 2662 874 2731 Cesaunam
899 2661 1119 2748 Samniumque
1142 2665 1225 2750 cepit

495 2779 622 2867 Subigit
645 2786 770 2846 omnem
793 2779 953 2848 Lucanam
977 2779 1168 2866 obsidesque
1191 2778 1331 2844 abducit.

311 2897 463 2985 Elegium
488 2893 646 2984 Scipionis
670 2896 787 2962 Asinae
810 2897 856 2962 sic
877 2895 916 2962 ab
941 2917 979 2961 eo
1003 2895 1205 2980 distinguitur
1228 2905 1259 2960 et
1274 2895 1457 2982 suppletur:

498 3013 581 3077 hunc
604 3011 704 3076 dnum
727 3011 855 3097 plurimi
879 3011 1080 3078 consentiunt
1103 3008 1234 3076 Romani

498 3131 612 3191 Raucae
631 3125 788 3192 bonorum
802 3125 979 3213 'optumum
1002 3125 1100 3192 luisse
1123 3125 1236 3191 virum.

500 3237 633 3306 Lucium
657 3239 840 3328 Scipionem
863 3241 962 3308 illium
986 3229 1124 3308 Barbati.

498 3356 609 3422 consul
632 3337 745 3424 censor
767 3357 874 3424 aedilis
898 3357 948 3422 hic
970 3355 1030 3422 fuit
1052 3359 1132 3439 apud
1152 3379 1213 3420 ees.

498 3472 547 3537 hic
571 3473 654 3558 cepit
679 3471 841 3538 Corsicam
866 3470 1070 3559 Aleriamque
1092 3470 1216 3536 urbem.

497 3586 583 3652 dedit
605 3591 714 3652 dicavit
739 3585 992 3674 Tempestatibus
1015 3586 1124 3652 aedem
1148 3586 1272 3651 merito.

322 3700 469 3790 Denique
492 3695 631 3786 elogium
653 3702 709 3767 filii
731 3701 891 3777 Africani,
915 3702 1049 3768 {laminis
1072 3711 1104 3768 et
1126 3701 1273 3788 auguris,
1298 3701 1385 3789 quod
1408 3723 1468 3788 ego
1491 3703 1531 3770 ab
1550 3705 1644 3772 huius

234 3818 327 3883 metri
359 3817 463 3884 forma
497 3817 744 3883 remotissimum
778 3818 935 3894 iudicavi,
967 3817 1140 3896 secundum
1173 3827 1340 3904 praecepta
1373 3820 1579 3886 metricorum
1601 3821 1644 3886 ita

235 3931 463 4000 conformavit:

762 4095 900 4111 .....
925 4047 980 4133 qui
1004 4047 1126 4133 apicem
1148 4048 1270 4134 insigne

497 4160 587 4227 dialis
609 4160 742 4226 llaminis
766 4163 902 4248 gessisti,
927 4183 1012 4228 mors
1035 4162 1168 4250 perfecit

499 4279 554 4343 tud
578 4286 613 4341 ut
636 4286 740 4342 essent
763 4278 867 4342 omnia
890 4276 1021 4352 brevia,
1045 4279 1164 4354 honos,
1192 4278 1289 4352 fama,

499 4391 664 4480 virtrisque
687 4391 788 4478 gloria
810 4403 904 4480 atque
926 4393 1109 4478 ingenium,
1135 4393 1248 4482 quibus
1271 4395 1298 4460 si

501 4505 533 4570 in
557 4507 651 4592 longa
675 4507 812 4574 licuisset
836 4507 892 4574 tibi
915 4509 999 4574 ulier
1021 4508 1100 4586 rita,

500 4618 591 4684 facile
613 4643 793 4708 superasses
816 4623 950 4708 gloriam
972 4623 1138 4689 maiorum.

500 4737 598 4821 quare
622 4733 732 4804 lubens
757 4749 787 4805 te
809 4739 842 4803 in
866 4739 1037 4826 gremium,
1065 4737 1190 4826 Scipio,
1214 4741 1333 4828 recepit

501 4854 588 4920 terra
611 4849 705 4918 Publi
727 4863 916 4940 prognatum
940 4853 1057 4920 Publio
1082 4852 1221 4920 Corneli.
