3666 5544
815 451 1086 511 --35-Δ

206 625 399 706 satanacam
418 625 451 684 ιἰι
470 577 573 684 larhem
594 622 720 682 Itcnsom
741 619 838 682 rediit.
886 619 979 680 Cuius
1001 617 1046 679 rei
1072 635 1142 698 erpo
1170 619 1247 679 hooc
1270 619 1403 682 tabulam
1426 619 1536 681 donum
1563 621 1630 680 Ioni

214 737 357 804 dicauit«

308 847 449 936 Nequeo
472 847 547 913 satis
570 846 698 927 mirari,
722 845 809 932 qnod
833 864 875 911 cx
899 845 960 910 hoc
984 844 1092 919 titulo,
1117 865 1212 930 quem
1228 841 1336 912 Livius
1359 855 1506 912 accurate
1529 855 1632 912 trans-

214 967 368 1052 scriptum
393 963 504 1028 iisdem
525 961 594 1028 fere
617 959 722 1028 verbis
733 959 755 1043 l)
785 959 907 1026 inducit
930 981 966 1026 ac
990 956 1106 1045 Regilli
1128 943 1265 1024 thhnlam
1289 960 1443 1026 sexennio
1474 970 1547 1028 ante
1570 982 1629 1048 po-

217 1084 329 1155 sitam,
354 1099 450 1144 nemo
474 1099 584 1143 versus
602 1074 770 1142 Saturnios
794 1075 901 1142 lacere
924 1083 1055 1142 conatus
1079 1075 1136 1149 sit,
1162 1074 1221 1140 nisi
1244 1097 1326 1140 nnus
1346 1080 1514 1151 Walchius‚
1539 1078 1630 1143 cuius

213 1198 292 1264 haec
316 1203 364 1260 est
386 1192 599 1259 infelicissima
622 1189 921 1274 emendationum.2)

305 1307 367 1375 Cni
392 1309 564 1394 opitulatus
588 1306 725 1394 quodam
749 1305 845 1371 modo
875 1311 1082 1380 lammam,
1117 1307 1307 1372 assentiente
1329 1308 1529 1390 numanae)
1567 1328 1632 1372 nou

221 1426 391 1492 abhorrere
423 1423 549 1510 quidem
582 1443 600 1488 a
633 1421 904 1486 verisimilitudine
936 1420 1020 1486 illam
1051 1419 1188 1486 tabulam
1219 1419 1383 1488 Saturniis
1411 1421 1554 1488 versibus
1585 1423 1633 1488 in-

215 1543 364 1627 scriptam
389 1537 502 1612 fuisse,
533 1537 588 1602 sed
613 1535 739 1603 Livium
761 1537 793 1601 in
817 1535 980 1602 afferendo
1004 1537 1096 1602 titulo
1119 1537 1190 1623 plus
1213 1535 1273 1602 sihi
1295 1537 1439 1603 hcentiae
1461 1539 1632 1625 sumpsisse

215 1655 350 1723 censuit.
396 1651 517 1718 Verum
540 1652 686 1740 equidem
709 1652 813 1738 ipsum
836 1651 881 1716 ita
903 1651 1096 1718 iudicantem
1119 1673 1183 1718 non
1207 1674 1225 1718 a
1247 1653 1374 1719 licentia
1397 1652 1534 1720 abfuisse
1563 1675 1633 1720 cre·

219 1769 365 1836 diderim.
411 1765 496 1834 Nam
520 1767 612 1854 plane
635 1766 749 1832 eodem
772 1767 844 1832 iure
866 1766 944 1832 haec
967 1766 1049 1833 Livii
1071 1766 1170 1833 verba
1191 1768 1224 1834 in
1248 1790 1359 1834 versus
1383 1766 1552 1836 Saturnios
1582 1791 1635 1835 re·

218 1885 328 1970 digere
351 1884 455 1964 licuit,
479 1905 517 1949 ac
539 1883 607 1957 illa,
633 1881 747 1970 quihus
770 1879 886 1968 Regilli
910 1881 1019 1948 titulus
1043 1883 1234 1948 continetur.
1282 1883 1406 1964 Quodsi
1428 1882 1546 1950 factum
1569 1905 1633 1951 non

218 2010 282 2074 est,
320 1999 394 2085 quia
425 1997 621 2084 grammatici
654 1995 816 2064 cuiusdam
847 1997 1018 2062 auctoritas
1049 1995 1305 2074 desiderabatur,
1340 1998 1414 2064 inde
1437 1999 1545 2066 videre
1568 2009 1633 2076 est,

219 2115 356 2180 Atilium
380 2134 419 2178 ex
441 2111 557 2200 liegilli
581 2121 701 2178 tantum
726 2121 758 2178 et
781 2111 961 2178 Glabrionis
985 2111 1099 2178 tahulis
1122 2135 1233 2180 versus
1257 2109 1425 2181 Saturnios
1454 2115 1633 2182 laudantem

220 2249 327 2316 neque
349 2229 470 2295 ratione
493 2249 596 2316 neque
619 2229 814 2315 argumentis
838 2227 967 2294 ductum
990 2227 1022 2292 id
1046 2227 1151 2295 iacere
1173 2229 1331 2315 potuisse,
1356 2229 1412 2296 sed
1436 2231 1632 2318 casualiquo

225 2353 258 2408 et
281 2344 312 2408 in
334 2343 400 2410 illas
423 2343 570 2410 incidisse
595 2352 627 2410 et
648 2344 708 2410 illis
732 2343 806 2410 satis
829 2342 985 2411 hahuisse.

509 2603 582 2670 18·
627 2607 782 2672 Tataula
805 2606 871 2669 cn.
895 2607 1053 2668 octavtt
1077 2603 1136 2682 (a.
1159 2621 1197 2668 ιι.
1224 2603 1345 2685 586).

311 2805 413 2874 Sexto
436 2827 520 2872 auno
543 2816 616 2893 post
638 2805 674 2871 L.
698 2805 826 2873 Aemilii
848 2803 953 2871 Paulli
977 2806 1171 2892 triumphum
1195 2805 1235 2871 de
1257 2805 1358 2871 Perse
1381 2806 1475 2871 etiam
1493 2803 1551 2872 Cn.
1568 2805 1633 2873 Oc-

224 2924 327 2990 tavius
350 2921 576 3008 triumphavit,
601 2921 656 3008 qui
677 2930 806 3008 praetor
830 2921 921 2986 classi
943 2931 1089 3006 praeerat
1107 2941 1281 3008 regemque
1297 2918 1511 2988 Macedonum
1526 2922 1632 2988 vivum

222 3040 387 3126 caperata)
433 3035 625 3126 Triumphus
649 3037 765 3102 navalis
788 3045 876 3100 actus
899 3043 947 3101 est
968 3032 1039 3101 Kal.
1063 3034 1141 3103 [lec
1165 3059 1193 3102 a.
1218 3059 1248 3102 u.
1266 3040 1331 3102 586
1356 3035 1462 3123 Cap.⁵)
1504 3035 1557 3102 Ad
1580 3058 1633 3104 ce·

222 3153 405 3222 lebrandam
430 3153 593 3220 victoriam
615 3153 648 3218 iu
672 3152 758 3218 circo
780 3149 936 3217 Flaminio
960 3173 978 3216 e
1000 3151 1119 3238 praeda
1141 3151 1245 3238 opima
1262 3153 1420 3238 porticum
1436 3151 1634 3238 magnificam

224 3269 402 3342 exstruxit,
426 3290 519 3355 qnam
544 3268 584 3334 de
606 3289 665 3335 suo
689 3266 817 3332 nomine
844 3264 1012 3332 Octaviam
1035 3266 1222 3354 appellavit,
1258 3266 1310 3332 cui
1333 3267 1426 3332 etiam
1451 3266 1635 3334 Corinthiae

223 3406 339 3451 nomeu
373 3393 441 3450 erat
470 3383 654 3472 ecapitulis
678 3381 780 3448 aereis
803 3381 1023 3447 columnarum
1047 3379 1302 3456 Corinthiarum,
1338 3404 1472 3469 quarum
1495 3383 1635 3469 primum

225 3497 347 3565 Romae
380 3499 560 3584 exemplum
593 3498 697 3578 erati]
746 3497 848 3579 Quam
883 3495 1031 3562 incendio
1066 3496 1240 3562 deformem
1275 3496 1479 3564 reficiendam
1512 3497 1635 3564 curavit

227 3609 341 3679 Caesar
364 3612 529 3699 Augustus
553 3623 584 3678 et
612 3635 654 3678 ex
676 3614 802 3678 nomine
825 3611 998 3678 conditoris
1020 3631 1123 3698 nsque
1146 3610 1310 3679 Octaviam
1341 3613 1492 3700 appellari
1520 3634 1632 3700 passus

225 3728 309 3809 estu)
354 3727 447 3794 Aliae
470 3737 559 3794 erant
581 3729 725 3816 porticus
741 3726 910 3802 Octaviae,
934 3747 1012 3814 quas
1036 3747 1113 3792 cave
1137 3749 1209 3793 cum
1233 3727 1292 3793 hac
1315 3727 1510 3804 confundas,
1533 3725 1635 3794 attte-

223 3844 298 3908 tello
321 3841 532 3911 Macedonico
555 3865 583 3909 a.
608 3848 674 3909 607
698 3852 897 3916 exstructae,
920 3841 960 3907 ah
984 3840 1132 3928 Augusto
1155 3863 1233 3909 vero
1255 3843 1446 3909 instauratae
1469 3852 1501 3908 et
1522 3843 1555 3908 in
1578 3843 1636 3909 ho-

222 3977 336 4024 norem
359 3959 479 4025 sororis
503 3956 655 4025 Octaviae
678 3958 888 4045 appellatae.⁸l

328 4203 348 4269 ¹)
386 4205 469 4263 »Cum
488 4185 577 4257 indice
595 4208 672 4259 hoca(

325 4289 347 4362 2)
386 4294 470 4359 Georp
486 4297 553 4348 Lod.
575 4295 937 4348 Wnlchemendat.1.tvian.
957 4309 981 4359 p.
1002 4294 1061 4346 151.

327 4379 347 4451 ³)
385 4382 470 4436 Elem.
489 4384 576 4435 doctr.
595 4389 674 4436 metr.
692 4401 718 4450 p.
738 4384 809 4448 61θς
828 4386 943 4436 Ditrttser
961 4384 995 4434 de
1012 4398 1084 4435 vers.
1103 4384 1155 4435 Sat.
1175 4399 1199 4450 p.
1220 4384 1261 4434 70.

326 4472 351 4532 ²⁸)
388 4470 702 4534 tiv.tt,17;ts,u.

326 4556 350 4623 ⁵)
387 4559 528 4623 Triumphi
546 4561 617 4624 apud
636 4561 719 4614 Orell.
739 4577 765 4626 p.
779 4561 880 4614 etvtt.

327 4641 354 4716 θ)
389 4648 459 4698 vell.
473 4649 498 4699 2.
514 4649 540 4699 1.
555 4649 586 4712 23
607 4651 703 4702 Festus
716 4665 737 4702 s.
750 4665 775 4702 ι.
790 4651 919 4702 Octaviae
931 4649 1052 4714 porticus
1068 4663 1095 4712 p.
1108 4644 1160 4701 1803
1173 4649 1312 4710 Lindem.;
1330 4649 1400 4701 Ptin.
1413 4651 1438 4702 h.
1451 4665 1476 4701 n.
1490 4653 1534 4712 31,
1549 4655 1597 4720 ³3.
1612 4657 1638 4706 7·

327 4729 348 4797 ⁷)
383 4737 586 4790 Monumentum
604 4737 719 4804 Ancyr.;
737 4741 832 4790 Festus
851 4739 869 4788 l.
889 4753 912 4788 c.
949 4737 1045 4790 Becker
1064 4741 1133 4790 rom.
1152 4737 1270 4790 Alterth.
1288 4740 1309 4788 l.
1328 4753 1371 4802 pp.
1390 4739 1451 4790 608.
1470 4740 1532 4793 617,

328 4815 350 4884 ⁸)
386 4824 454 4874 Vell.
474 4827 497 4874 t.
518 4826 560 4875 11.
579 4825 612 4884 3,
630 4827 700 4878 Plin.
719 4825 769 4890 3o;
788 4829 805 4879 h
823 4833 850 4894 g.
867 4825 920 4890 423
940 4826 1045 4878 Vitruv.
1065 4827 1096 4884 3,
1116 4827 1141 4876 1.
