3666 5544
839 474 1053 534 ..20-

226 633 437 709 Ciceronem,
463 638 516 722 qui
541 659 579 700 ex
606 635 766 702 veteribus
791 637 1025 703 commentariis
1048 636 1093 704 Μ.
1119 637 1270 705 Cornelio
1294 638 1436 727 Cethego
1460 653 1489 706 et
1513 641 1550 706 P.
1577 640 1648 709 Tu-

227 751 335 816 ditano
361 749 451 816 Coss
489 751 529 834 (id
554 763 600 816 est
623 775 650 816 a.
676 756 739 817 519
774 749 863 837 Cap.)
895 750 1053 818 Naevium
1084 765 1245 820 mortuum
1277 777 1346 822 esse
1377 756 1564 831 confirmat,
1597 779 1654 823 se-

226 866 387 951 quendum
415 887 483 931 esse
508 867 629 932 censuit
653 867 908 952 diligentissimus
932 869 1162 935 curriculorum
1188 883 1330 936 veterum
1355 886 1520 957 poetarum
1543 873 1645 937 ratio-

222 983 361 1056 cinator,
397 984 613 1064 Bitscirelius.¹)
670 981 888 1068 Epigramma,
925 983 1010 1070 quod
1044 986 1105 1049 iam
1141 1007 1237 1071 supra
1272 986 1354 1060 dixi,
1394 986 1538 1051 aGellio
1570 988 1645 1053 lau-

226 1098 343 1179 datur2)
371 1099 457 1163 etin
481 1097 643 1164 codicibus
669 1097 893 1185 veteribusque
917 1099 1132 1183 editionibus3)
1158 1101 1199 1165 ita
1224 1101 1376 1186 scriptum
1400 1103 1581 1166 invenitur:

490 1213 687 1278 lmmortales
711 1214 860 1279 mortales
884 1213 1016 1279 sileret
1040 1215 1085 1280 las
1109 1214 1185 1280 llere

490 1325 620 1395 Flerent
645 1329 736 1394 divae
760 1350 931 1395 camoenae
954 1327 1111 1394 Naevium
1136 1342 1261 1417 poetam

491 1444 603 1532 ltaque
626 1455 794 1531 postquam
826 1454 873 1509 est
896 1443 1017 1510 Orchio
1042 1445 1174 1510 traditus
1198 1447 1347 1512 thesauro

488 1558 586 1626 Obliti
611 1570 684 1624 sunt
707 1558 828 1627 Romae
852 1560 957 1646 lingua
982 1560 1075 1624 latina
1104 1561 1237 1647 loquier.

313 1674 475 1755 Quaedam
500 1675 593 1740 metri
617 1696 710 1740 causa
734 1697 751 1738 a
776 1675 850 1739 viris
875 1673 975 1740 doctis
999 1684 1116 1740 mutata
1140 1688 1232 1752 suut;
1255 1678 1297 1742 ita
1321 1679 1441 1762 primus
1460 1681 1638 1746 versiculus

228 1790 267 1854 ab
292 1788 478 1856 Hermanno
489 1791 511 1874 1)
535 1791 567 1854 in
591 1789 675 1856 hunc
698 1789 849 1855 modum:

453 1965 461 1980 ,
489 1903 634 1971 lllortalis
658 1905 843 1970 immortalis
867 1905 944 1972 llere
967 1906 992 1970 si
1016 1905 1100 1971 leret
1122 1907 1186 1981 las,

223 2022 353 2086 ultimus
377 2021 416 2086 ab
441 2021 600 2101 osannae)
625 2023 686 2085 ita:

491 2135 590 2202 Obliti
613 2147 687 2201 sunt
711 2137 803 2202 latina
826 2135 947 2204 Romae
972 2138 1095 2223 loquier
1118 2137 1235 2223 lingna.

311 2250 382 2316 llos
407 2273 516 2317 versus
542 2249 709 2318 Saturnios
734 2275 802 2318 esse
825 2273 919 2317 nemo
943 2274 1084 2338 unquam
1107 2255 1233 2338 negavit
1257 2275 1361 2340 neque
1385 2256 1521 2341 negandi
1549 2258 1640 2323 locus

225 2377 281 2431 est.
330 2365 390 2432 Cui
415 2368 497 2433 enim
522 2368 572 2432 ille
597 2389 747 2432 numerus
773 2368 883 2433 melius
907 2367 1089 2441 conveniat,
1126 2389 1219 2454 quam
1243 2365 1385 2444 Naevio,
1418 2372 1473 2458 qui
1497 2373 1640 2438 celeber-

222 2485 338 2548 rimum
364 2504 490 2548 carmen
515 2483 553 2547 de
577 2485 681 2569 primo
706 2481 788 2548 bello
812 2482 936 2548 Punico
960 2482 1007 2548 his
1030 2483 1105 2568 ipsis
1130 2482 1272 2549 versibus
1296 2495 1540 2572 composuerat?
1575 2486 1637 2552 Ve-

224 2621 294 2666 rum
322 2619 431 2664 versus
456 2599 548 2664 etiam
573 2599 616 2663 ita
640 2599 813 2684 comparati
836 2607 929 2672 sunt,
954 2608 989 2663 ut
1005 2599 1283 2683 grammaticorum
1300 2610 1331 2666 et
1347 2598 1523 2668 Hermanni
1547 2623 1639 2688 prae-

224 2726 313 2799 cepta
339 2715 457 2800 optime
480 2715 512 2778 in
537 2735 591 2778 eos
617 2713 782 2800 quadrent.

312 2827 610 2915 albiores-spiritus
644 2829 792 2893 sumsisse
823 2839 948 2915 poetam
973 2827 1126 2894 libertatis
1149 2832 1397 2897 amantissimum
1420 2830 1544 2920 sibique
1567 2834 1637 2919 plu-

223 2946 338 3009 rimum
363 2943 530 3017 tribuisse,
565 2943 660 3009 verba
686 2943 919 3030 epigrammatis
943 2945 1016 3010 satis
1041 2943 1215 3021 declarant,
1253 2945 1460 3032 quamobrem
1492 2946 1637 3013 aGellio

223 3061 362 3146 plenum,
385 3059 552 3146 superbiae
576 3057 754 3148 Campanae
786 3059 969 3145 appellatur.
1017 3057 1132 3148 Neque
1163 3083 1240 3126 vere
1269 3071 1356 3126 recte
1384 3061 1458 3127 inde
1483 3063 1658 3136 efficitur,'

224 3173 427 3260 Campaniam
452 3171 565 3240 Naevii
589 3175 722 3260 patriam
746 3173 863 3249 luisse;
899 3197 971 3240 nam
1003 3177 1076 3241 satis
1108 3187 1248 3250 constat,
1283 3177 1343 3242 hoc
1366 3175 1484 3242 dictum
1507 3177 1539 3242 in
1563 3198 1636 3263 pro-

226 3290 369 3357 verbium
402 3290 531 3366 abiisse,
568 3291 648 3355 sicut
680 3290 738 3355 alia
770 3289 941 3376 quaedam,
977 3313 1057 3377 quae
1081 3313 1097 3355 a
1122 3290 1264 3358 moribus
1287 3292 1420 3358 aliorum
1445 3292 1634 3379 populorum

223 3405 488 3492 repetebanturll.

576 3615 619 3678 6.
664 3617 924 3693 Epigramma
947 3617 1005 3677 M.
1029 3617 1139 3678 Accii
1163 3616 1307 3677 Plauti.

312 3755 437 3842 Excipit
462 3756 544 3840 apud
570 3754 706 3820 Gellium
723 3752 835 3820 Naevii
852 3755 1045 3840 epigramma
1062 3754 1199 3836 elogium
1216 3749 1261 3817 M.
1279 3751 1368 3819 Accii
1381 3753 1486 3821 Plauti
1504 3777 1544 3821 ex
1560 3752 1632 3818 llar-

328 3989 347 4049 ¹i
376 3992 496 4042 Sacram
515 3991 674 4040 memoriam
693 3991 764 4053 regis
787 3988 952 4038 serenissimi
980 3988 1067 4036 Fried.
1096 3987 1164 4036 Guil.
1190 3989 1235 4037 111.
1259 3988 1302 4049 pie
1327 3987 1515 4036 celebrandam
1544 3987 1637 4036 indicit

224 4083 265 4129 Fr.
287 4081 434 4130 Bitsclieliua
452 4085 503 4129 ete.
540 4079 688 4129 Praemisso
708 4085 750 4129 est
768 4079 801 4128 de
820 4084 906 4128 aetate
924 4078 1010 4127 Plauti
1030 4077 1228 4128 commentatio.
1266 4075 1374 4124 Bonnae
1393 4073 1471 4124 1811.
1648 4124 1652 4130 ,

328 4166 349 4228 2)
386 4171 415 4226 1,
434 4169 477 4218 aa.
514 4169 639 4218 Ceterum
658 4181 671 4216 a
693 4167 782 4218 Caelio
803 4167 953 4228 Rhodigirro
978 4168 1059 4229 antiq.
1084 4165 1190 4215 lection.
1219 4165 1266 4220 10,
1295 4163 1326 4211 18
1353 4176 1384 4212 cx
1403 4165 1519 4226 Apuleio
1544 4167 1577 4215 de
1596 4179 1636 4214 er·

225 4258 392 4322 ilrographia.
430 4257 469 4308 Cl.
488 4257 606 4320 Madvig.
626 4271 720 4319 opusc.
740 4271 766 4319 p.
786 4255 829 4304 ie.

330 4341 354 4412 ³)
390 4347 527 4398 Editiones
547 4361 613 4411 quas
634 4347 734 4396 contuli
756 4347 806 4394 irae
826 4349 901 4394 sunt:
921 4344 1034 4393 Roman.
1055 4341 1139 4398 1172,
1167 4343 1259 4392 Venet.
1281 4339 1364 4398 tteo,
1383 4341 1465 4391 Paris.
1487 4341 1570 4402 1511,
1591 4343 1638 4390 Ba·

225 4439 266 4486 sil.
287 4435 367 4491 1519,
390 4433 824 4498 coion.1526,tugaun.1561.
862 4434 1004 4494 liiscrepai
1030 4437 1133 4482 tantum
1154 4433 1251 4491 Paris,
1277 4443 1345 4494 quae
1369 4445 1393 4481 v.
1412 4431 1431 4480 le
1452 4432 1507 4481 sie:
1535 4431 1635 4492 „latina

223 4526 329 4588 loquier
347 4525 463 4587 lingua<i
502 4525 646 4574 Praeterea
665 4524 772 4586 vulgata
792 4523 935 4571 adiuvatur
954 4521 1057 4582 optimo
1081 4522 1140 4570 cod.
1160 4521 1258 4574 Paris..
1288 4521 1433 4570 adnotante
1460 4519 1587 4570 Diibuero
1612 4524 1637 4571 in

225 4614 328 4662 diario:
349 4612 502 4662 Zeitschriit
520 4613 564 4662 sur
583 4609 943 4662 Alterthumswissensclralt
962 4610 1031 4660 1837
1051 4623 1075 4673 p.
1096 4611 1137 4660 10.

328 4697 348 4760 ²⁸)
384 4702 468 4752 Elem.
488 4702 573 4751 doctr.
592 4705 670 4750 metr.
689 4716 714 4764 p.
735 4701 796 4750 638.

330 4787 353 4852 5)
390 4791 468 4840 Anal.
489 4791 547 4839 crit.
568 4789 655 4852 par.

329 4875 353 4941 fi)
392 4880 430 4930 Cl.
451 4880 503 4927 Zeti
522 4879 751 4928 Ferienseirrilten
771 4879 795 4927 ll
818 4893 863 4940 pp.
882 4878 931 4934 38,
950 4876 993 4926 dd.
1033 4879 1125 4928 Livias
1144 4878 1177 4938 e,
1197 4876 1214 4924 6
1234 4874 1386 4938 superbiam
1402 4873 1547 4938 ingenitam
1562 4875 1635 4925 Carn-

227 4971 301 5028 panis
323 4969 395 5017 dicit.
433 4968 507 5016 Unde
527 4973 585 5017 orta
605 4972 665 5016 esti
701 4967 769 5016 Num
788 4979 819 5014 ex
839 4969 896 5028 agri
916 4966 1055 5016 fertilitate
1075 4973 1100 5016 et
1119 4967 1260 5016 ubertate?
1299 4958 1389 5027 Κόρυς
1406 4962 1486 5014 τίκτει
1504 4953 1589 5030 ὕβριν.
