3666 5544
826 442 1041 500 ..32-

209 616 354 674 tunatum
380 607 557 681 hominem,
591 606 644 691 qui
667 602 782 690 Regilli
807 615 837 670 et
861 603 953 670 acilii
978 603 1157 670 Glabrionis
1183 604 1302 672 tabulas
1326 616 1418 672 sexto
1442 605 1529 674 urbis
1554 629 1631 674 sae·

214 723 288 788 culo
314 722 347 786 in
370 720 449 786 aede
472 720 558 786 Iovis
583 717 753 806 Capitolini
776 720 884 785 affixas
913 731 1006 785 sexto
1037 729 1108 806 post
1132 718 1293 786 Christum
1316 723 1443 788 saeculo
1468 723 1528 788 luis
1550 723 1630 810 ipsis

210 837 311 903 oculis
336 835 472 902 viderisl
512 833 666 900 Videlicet
691 833 807 901 oblitus
831 857 882 909 es,
917 837 965 899 vir
989 836 1133 921 egregie,
1169 834 1359 922 Capitolium
1382 837 1465 902 hello
1489 837 1572 904 civili
1595 859 1624 903 a.

211 958 294 1024 671,
330 974 395 1039 quo
420 948 508 1016 Sulla
532 951 635 1016 victor
656 948 769 1016 urbem
793 949 935 1029 intravit,
971 949 1218 1035 conllagrasse.¹)
1264 949 1361 1018 Plane
1385 951 1537 1018 memoria
1568 951 1625 1018 tibi

212 1067 351 1145 excidit,
374 1067 458 1130 idem
481 1065 631 1131 accidisse
655 1087 681 1130 a.
707 1069 748 1130 69
772 1085 802 1150 p.
829 1061 921 1137 chr..
946 1061 1118 1130 Vitellianis
1141 1085 1246 1130 arcem
1270 1065 1528 1148 defendentibus,
1553 1088 1620 1154 qno

214 1181 361 1249 incendio
386 1181 446 1246 tria
470 1180 563 1246 millia
587 1201 751 1245 aerearum
775 1177 952 1244 tabularum
976 1180 1067 1246 simul
1092 1179 1378 1265 conflagraverunt,
1407 1203 1541 1268 quarum
1573 1204 1626 1248 re·

206 1297 436 1364 stituendarum
460 1317 569 1362 curam
593 1293 813 1381 Vespasianus
838 1295 1011 1380 susceptat)
1058 1292 1104 1360 Te
1126 1294 1222 1380 fugit,
1247 1295 1356 1362 decem
1378 1297 1467 1362 annis
1490 1307 1562 1382 post
1585 1301 1625 1381 (a.

208 1436 238 1502 p.
271 1411 349 1478 Chr.
380 1412 438 1494 79)
474 1411 621 1476 incendio
651 1409 811 1497 quodam,
848 1409 934 1496 quod
966 1430 1082 1476 nonam
1113 1411 1312 1496 potissimum
1340 1410 1428 1476 urbis
1459 1412 1625 1498 regionem

210 1528 363 1601 vastavit,
387 1548 498 1592 rursus
522 1527 635 1591 arsisse
659 1537 690 1589 et
713 1547 729 1589 a
753 1522 937 1590 Domitiano
961 1524 1088 1590 demum
1112 1526 1293 1591 restitutum
1316 1526 1421 1608 esse.³)
1474 1524 1623 1614 Denique

214 1644 371 1709 rationem
406 1663 470 1706 non
499 1640 634 1706 habuisti
665 1639 807 1713 cladum,
844 1661 925 1726 quae
957 1639 1030 1706 urbi
1058 1662 1084 1704 a.
1110 1660 1140 1726 p.
1172 1637 1245 1704 Chr.
1271 1645 1335 1706 416
1367 1640 1407 1706 ab
1430 1640 1558 1708 Alarico
1592 1653 1625 1708 et

212 1758 324 1824 Gothis
338 1756 372 1838 ,ll
398 1779 414 1820 a
439 1760 503 1822 l55
527 1777 544 1820 a
569 1754 744 1822 Genserico
769 1765 799 1820 et
822 1752 967 1820 Vandalis
990 1756 1093 1820 illatae
1115 1755 1225 1837 sunt.⁵)
1274 1754 1302 1821 0
1326 1755 1509 1842 plumbeum
1532 1758 1626 1844 pugi-

209 1895 324 1948 onem,
348 1893 413 1958 quo
437 1869 528 1936 nobis
552 1871 749 1957 glaucomam
774 1871 815 1936 oh
839 1870 949 1936 ocrrlos
972 1869 1067 1935 obiici
1091 1891 1184 1956 posse
1207 1872 1385 1936 censueris!
1423 1870 1508 1936 Alias
1531 1870 1627 1938 tubu-

212 1991 257 2056 las
282 1999 316 2054 tu
341 2009 405 2052 non
430 1986 552 2061 vidisti,
588 2007 681 2072 quam
713 2007 790 2073 quas
818 1986 912 2050 hodie
940 2007 1069 2073 quoqne
1099 1986 1269 2072 unicuique
1299 1995 1444 2052 nostrum
1467 1987 1626 2072 inspicere

210 2107 299 2177 licet,
336 2103 454 2168 scilicet
477 2100 558 2166 Livii
582 2101 691 2176 locos,
724 2101 756 2165 in
781 2100 896 2188 quibus
922 2122 1032 2166 versus
1057 2099 1223 2167 Saturnios
1246 2101 1350 2166 inesse
1373 2100 1502 2166 naribus
1531 2101 1625 2167 nimis

213 2220 366 2286 emunctis
390 2217 541 2283 odoratus
566 2238 609 2281 es.
657 2214 722 2282 Sed
747 2237 858 2302 parum
878 2216 1013 2282 feliciter
1029 2238 1096 2284 rem
1113 2228 1198 2282 tuam
1215 2216 1347 2300 gessisti.
1395 2214 1512 2282 Versus
1529 2217 1621 2291 euim,

211 2357 305 2423 quem
329 2333 423 2399 affers

479 2447 585 2512 duello
609 2467 725 2532 magno
749 2446 925 2512 dirimendo
949 2445 1078 2532 regibus
1101 2446 1298 2531 subigendis,

211 2579 276 2654 qu'o
300 2563 397 2630 modo
420 2561 592 2649 respondet
616 2563 659 2634 ei,
684 2583 778 2648 quem
802 2571 837 2627 tu
860 2562 1015 2648 optimum
1039 2583 1107 2628 esse
1131 2561 1225 2637 diois;

476 2677 593 2744 malum
617 2676 736 2742 dabunt
759 2674 881 2742 llletelli
904 2675 1028 2742 Naevio
1053 2683 1185 2764 poetae?

301 2793 504 2862 Subsimileur
529 2813 597 2858 esse
620 2793 756 2858 affirmas
780 2793 827 2870 ei,
852 2813 946 2879 quem
971 2792 1076 2878 paullo
1100 2793 1343 2878 anteposuisti:

476 2907 621 2974 consulto
644 2907 794 2993 producit
817 2928 889 2973 eum
914 2928 978 2994 quo
1002 2907 1042 2972 sit
1064 2907 1288 2993 impudentior.

301 3025 344 3090 dt
374 3024 425 3088 hic
457 3033 504 3090 est
532 3020 746 3110 Eupolideus,
781 3045 799 3088 a
830 3045 895 3109 quo
924 3023 976 3088 ille
1005 3023 1126 3109 primus
1156 3032 1225 3089 toto
1255 3023 1342 3089 caelo
1373 3020 1476 3088 distat.
1524 3019 1624 3097 Nam,

212 3143 305 3208 etiam
329 3137 506 3206 Hermanui
530 3159 678 3204 mensura
702 3137 855 3210 adhibita.

476 3253 581 3318 duello
606 3273 720 3338 magno
745 3253 926 3320 dirimundo
951 3252 1078 3340 regibus
1106 3253 1313 3340 subigdndis,

211 3371 337 3443 nescio,
368 3389 433 3455 quo
458 3368 553 3434 modo
579 3367 747 3435 Saturnius
772 3370 862 3434 exire
883 3370 997 3456 possit,
1030 3369 1091 3435 nisi
1112 3368 1195 3435 lorte
1218 3369 1325 3454 primo
1348 3369 1429 3455 pede
1452 3366 1620 3439 llacchins,

212 3486 306 3554 tertio
342 3482 487 3550 Creticus
522 3496 552 3548 et
584 3483 616 3548 in
650 3493 739 3570 parte
771 3485 941 3570 posteriori
965 3484 1116 3572 Dactylus
1131 3469 1331 3550 admittitur.
1378 3483 1476 3550 Plura
1504 3479 1621 3546 addere

213 3621 356 3689 possem,
391 3599 422 3664 ni
446 3619 497 3664 res
521 3619 578 3664 nos
602 3598 726 3684 longius
749 3598 788 3664 ab
811 3599 938 3686 incepto
961 3600 1111 3666 traheret.
1159 3598 1301 3666 Nimium
1324 3600 1422 3665 multa
1445 3599 1485 3665 de
1507 3619 1543 3663 rc
1565 3597 1623 3661 mi-

215 3719 298 3784 nime
315 3713 410 3780 dubia
433 3715 495 3778 iam
519 3714 643 3780 locutus
667 3735 747 3779 sum.
795 3713 877 3780 lVam
901 3716 971 3780 luce
994 3715 1109 3781 clarius
1132 3725 1188 3794 est,
1212 3715 1299 3781 illum
1323 3715 1527 3780 mediocriter
1550 3713 1624 3778 doc·

214 3846 297 3908 tum,
324 3829 493 3917 prosodiae
518 3830 631 3894 veteris
656 3851 719 3894 non
743 3831 817 3894 satis
841 3830 994 3916 peritum,
1028 3831 1208 3917 exemplum
1233 3852 1342 3896 versus
1366 3829 1509 3896 Saturnii
1532 3851 1550 3892 e
1572 3826 1623 3892 Li·

212 3948 254 4014 vii
278 3946 350 4012 loco
373 3943 518 4017 linxisse,
543 3945 617 4017 sed,
642 3944 768 4011 laudato
792 3946 966 4032 principio,
991 3945 1171 4012 difficultate
1194 3947 1241 4011 rei
1265 3945 1451 4010 deterritum
1475 3969 1493 4009 a
1517 3955 1622 4010 cetera

211 4060 472 4147 inscriptionem
497 4081 607 4126 versus
631 4060 772 4146 cogenda
796 4083 907 4126 manus
929 4061 1126 4127 abstinuisse.
1171 4059 1386 4148 Reputaverat
1409 4061 1491 4124 enim
1516 4081 1622 4126 secum

211 4179 273 4242 ita:
312 4195 422 4240 versus
455 4171 625 4241 Saturnius
656 4187 704 4242 est
733 4176 968 4262 antiquissimus
991 4173 1227 4253 Romanorum;
1259 4175 1346 4261 atqui
1376 4173 1490 4260 Regilli
1519 4173 1623 4240 tabula

212 4289 383 4358 admodum
415 4302 461 4354 est
489 4291 631 4378 antiqna;
668 4312 745 4377 ergo
777 4289 918 4356 versibus
949 4288 1107 4356 Saturniis
1139 4292 1254 4377 scripta
1283 4289 1380 4355 luerit
1410 4311 1538 4356 necesse
1562 4300 1618 4354 est.

318 4467 338 4530 ¹)
375 4470 429 4519 Cic.
449 4470 506 4520 Cat.
526 4472 555 4534 3,
574 4470 591 4519 d
609 4471 635 4529 6.
654 4471 686 4529 9;
706 4471 818 4533 upplan.
840 4470 900 4520 hell.
920 4471 972 4520 civ.
992 4472 1023 4527 1,
1041 4469 1092 4530 ⁸³3
1112 4469 1197 4519 Tacit.
1219 4469 1280 4519 hist.
1300 4469 1331 4526 3,
1350 4469 1396 4521 76.

317 4553 341 4619 2)
379 4557 453 4607 Suet.
473 4559 553 4621 Vesp.
572 4559 607 4619 8;
626 4559 709 4608 Tacit.
730 4559 789 4608 hist.
809 4557 840 4614 3,
860 4556 893 4605 71
913 4571 972 4622 sqq.

319 4641 342 4708 3)
379 4646 431 4696 Dio
450 4647 522 4697 Cass.
541 4647 592 4709 66,
610 4647 658 4709 243
678 4647 750 4696 Suet.
770 4646 847 4696 Dom.
866 4642 902 4704 5;
921 4645 989 4696 Plut.
1009 4646 1083 4708 Popl.
1103 4645 1145 4698 16.

317 4729 336 4798 l)
375 4733 452 4786 Oros.
472 4737 504 4794 7,
523 4734 576 4797 ⁴03
596 4736 748 4786 lornandes
766 4736 799 4785 de
818 4734 874 4784 reb.
894 4740 948 4798 get.
967 4735 1015 4793 66;
1034 4734 1199 4797 Augustinus
1218 4735 1251 4785 de
1270 4735 1319 4783 civ.
1341 4733 1382 4781 del
1403 4733 1434 4793 3,
1454 4730 1496 4779 29.

315 4817 335 4886 ⁵)
372 4822 484 4886 Procop.
505 4823 565 4873 hell.
588 4825 671 4874 Vand.
693 4826 722 4879 1,
745 4824 776 4884 ὃς
798 4823 913 4885 Prosper
932 4823 1021 4885 nquit.
1044 4835 1066 4884 p.
1088 4820 1139 4870 615
1158 4822 1199 4872 ed.
1219 4819 1339 4872 lloncall.
