3666 5544
845 441 1063 502 ..47-

243 636 355 692 neam,
380 609 475 675 ctiam
497 613 627 699 auguris
650 609 848 695 {laminisque
870 605 997 672 titulum
1019 605 1105 691 apud
1121 604 1276 672 Orellium
1300 627 1413 693 parurn
1436 618 1583 675 accurate
1598 629 1655 675 ex-

243 755 387 826 pressum
410 754 489 799 esse.
519 727 604 796 Nam
627 747 693 792 uon
716 725 820 790 solum
844 743 873 787 v.
899 727 930 787 6.
954 739 1096 786 rncrnrs
1113 721 1247 796 excidit,
1271 721 1327 787 sed
1344 723 1437 788 etiam
1454 743 1484 789 v.
1501 728 1521 789 3
1537 743 1657 790 vrnrv-

244 868 431 936 rusovnpro
454 863 643 919 vrnuvsovn
667 839 820 926 scriptum
843 847 909 914 est,
941 835 1147 923 singulaeque
1170 837 1292 903 litterae
1315 835 1439 904 additae
1461 849 1551 914 sunt,
1575 861 1657 926 quae

242 966 367 1053 inipso
392 970 598 1028 monumento
623 955 782 1022 deliciunt.

332 1079 430 1161 Quod
447 1073 602 1143 metiendi
625 1071 756 1138 modum
779 1069 905 1142 attinet,
938 1076 1108 1153 procerte
1132 1088 1217 1132 nuuc
1238 1065 1356 1147 babeo,
1391 1065 1561 1135 Niebubrii
1584 1092 1655 1137 eam

243 1195 342 1262 luisse
363 1194 539 1266 rationem,
563 1201 614 1265 ut,
649 1171 801 1252 liberiore
823 1181 963 1271 quodam
986 1181 1101 1256 modo.
1131 1201 1196 1247 non
1219 1182 1316 1248 modo
1340 1183 1382 1250 de
1406 1181 1567 1260 Bacchis,
1600 1187 1656 1252 sed

244 1313 338 1378 etiam
361 1309 400 1374 de
422 1307 491 1372 aliis
513 1303 647 1392 pedibus
670 1299 837 1389 trisyllabis
860 1295 1043 1364 adhibendis
1071 1297 1270 1383 cogitaverit.
1316 1296 1381 1364 Sed
1413 1301 1562 1386 quoniam
1579 1301 1656 1368 baec

243 1447 295 1494 res
318 1423 418 1490 tribus
441 1421 546 1487 verbis
570 1417 701 1503 transigi
724 1415 854 1502 nequit,
880 1435 950 1479 eam
972 1411 1025 1479 alii
1046 1412 1119 1478 loco
1142 1433 1351 1478 reservemus.

333 1538 424 1620 Quae
448 1535 606 1623 disputavi
628 1533 668 1599 de
690 1529 879 1598 auctoritate
913 1529 1192 1615 grammaticorum
1215 1523 1311 1594 Marii
1334 1525 1489 1595 Victorini
1513 1544 1544 1598 et
1566 1533 1656 1602 Atilii

246 1651 515 1733 Fortunatiani,¹)
539 1650 578 1715 iis
600 1649 691 1736 plura
714 1645 786 1713 addi
808 1656 942 1732 possunt
971 1643 1033 1708 alio
1063 1642 1134 1708 loco
1165 1662 1230 1708 uon
1261 1643 1442 1710 omittenda.
1488 1644 1586 1715 Nunc
1617 1651 1657 1718 de

245 1768 400 1838 sententia
423 1789 493 1833 mea
515 1786 615 1853 pauca
639 1760 858 1830 tantummodo
882 1759 1036 1826 adiiciam.
1072 1755 1211 1824 Marium
1227 1756 1426 1825 Victorinum
1449 1762 1656 1833 clarissimum

243 1883 342 1951 Atilio
365 1881 596 1950 Fortunatiano
619 1878 751 1965 ignobili
773 1877 932 1964 potiorem
955 1883 987 1940 et
1008 1873 1272 1961 praestantiorem
1296 1895 1365 1940 esse
1388 1875 1481 1952 duxi,
1506 1880 1580 1966 quia
1601 1882 1654 1949 ille

245 2001 285 2066 de
308 2021 404 2066 versu
428 1997 582 2066 Saturnio
606 1995 732 2061 remora
756 2002 788 2058 et
810 1990 1003 2077 simpliciora
1025 1987 1172 2067 tradidit;
1206 1989 1263 2055 sed
1295 2011 1380 2057 nnnc
1409 1997 1589 2080 comperio,
1626 2011 1659 2065 et

245 2119 418 2192 santernam
439 2111 573 2180 Atilium
596 2133 614 2177 a
636 2107 802 2176 Victorino
825 2106 999 2192 expilatum
1030 2103 1234 2187 censuissc,2)
1270 2114 1303 2170 et
1326 2109 1395 2174 Cor.
1418 2111 1658 2190 basmonum,

245 2231 335 2298 cuius
359 2229 406 2294 bis
429 2226 588 2293 derebus
610 2247 684 2291 acre
707 2223 788 2289 solet
812 2242 880 2287 esse
904 2230 936 2286 et
960 2220 1086 2306 elegans
1108 2218 1277 2294 iudicium,
1299 2221 1441 2306 priorem
1464 2223 1573 2291 saltem
1590 2224 1660 2294 Ati-

245 2345 402 2411 lianorum
426 2342 728 2409 commentariorum
750 2347 872 2426 partem
897 2335 990 2424 (quac
1012 2345 1061 2401 est
1082 2335 1167 2422 apud
1181 2334 1370 2406 Putscbium
1392 2337 1466 2404 inde
1489 2361 1554 2428 ap.
1572 2347 1656 2411 2671

246 2482 347 2548 usque
363 2457 403 2525 ad
419 2479 450 2545 p.
468 2456 565 2540 2685)
581 2455 737 2542 insignem
755 2463 786 2520 et
801 2452 899 2539 ipsius
915 2448 1097 2516 Terentiani
1112 2447 1220 2517 Mauri
1234 2451 1355 2517 fontem
1370 2452 1499 2520 babere.
1533 2455 1604 2538 Qua
1620 2459 1660 2526 de

243 2598 280 2642 re
304 2575 453 2662 quoniam
477 2570 649 2638 Gaisfordii
671 2579 702 2636 et
724 2567 916 2634 Lachmanni
939 2565 1093 2632 editiones
1116 2586 1180 2630 non
1203 2565 1243 2631 ad
1265 2588 1376 2633 manus
1401 2579 1492 2645 sunt,
1524 2571 1659 2641 liberum

243 2688 397 2756 iudicium
418 2687 460 2754 ad
482 2686 567 2755 aliud
589 2695 714 2772 tempus
737 2683 888 2750 reiiciam.
935 2679 1113 2748 Coniuncta
1136 2689 1183 2748 est
1208 2689 1315 2748 autem
1330 2682 1408 2750 baec
1423 2687 1568 2771 quaestio
1585 2711 1657 2757 cum

244 2805 295 2871 illa
330 2804 370 2871 de
402 2812 507 2870 aetate
541 2813 571 2869 ct
609 2800 798 2868 auctoritate
832 2795 1013 2864 Terentiani
1046 2794 1171 2874 Mauri,
1211 2818 1292 2885 quae
1327 2798 1431 2865 adbuc
1467 2800 1527 2868 sub
1556 2803 1661 2871 iudice

246 2929 303 2986 est.
350 2917 391 2986 Et
414 2919 453 2985 de
476 2917 576 2985 Atilio
598 2916 727 3006 quidem
750 2913 982 2982 Fortunatiano
1004 2934 1055 2980 res
1079 2913 1172 3000 plane
1193 2912 1320 2979 videtur
1343 2935 1412 2981 csse
1432 2915 1564 2983 incerta.
1609 2917 1660 2988 De

243 3033 350 3102 Mario
372 3033 537 3101 Victorino
560 3034 646 3100 nulla
669 3040 717 3097 cat
740 3029 911 3108 dubitatio,
935 3027 1091 3116 siquidem
1115 3038 1224 3094 noster
1246 3026 1448 3106 Victorinus,
1484 3033 1575 3099 cuius
1611 3047 1659 3102 est

245 3150 331 3237 apud
353 3148 541 3215 Putscbium
552 3148 576 3230 ³)
601 3169 655 3214 ara
677 3151 877 3232 gramanatica
898 3158 926 3212 ct
949 3149 983 3210 dc
1010 3148 1240 3228 orthographia,
1270 3144 1304 3210 in
1327 3166 1389 3232 qua
1411 3157 1480 3212 arte
1503 3169 1661 3234 gramma-

246 3263 307 3332 tica
331 3263 391 3330 sub
413 3263 509 3329 linem
531 3261 604 3328 libri
626 3261 757 3354 secundi
780 3265 814 3327 dc
837 3264 1025 3327 didascalicis
1049 3263 1153 3324 nutris
1175 3259 1317 3346 inscripti
1334 3271 1429 3348 caput
1444 3273 1492 3328 est
1508 3263 1548 3330 de
1564 3287 1658 3334 versu

246 3377 445 3462 Saturnio.⁴)
478 3379 505 3444 si
528 3377 578 3444 bic
600 3375 798 3458 Victorinus,
830 3377 976 3464 inquam,
1010 3374 1094 3442 idem
1125 3386 1172 3441 est
1202 3397 1240 3442 ac
1269 3374 1322 3441 ille
1351 3375 1577 3446 celeberrimus
1599 3382 1659 3448 sub

248 3492 457 3560 Constantino
479 3493 568 3560 urbis
589 3491 713 3560 Romae
735 3493 862 3567 rbetor,
886 3491 976 3558 cuius
1000 3489 1316 3556 bonorificentissime
1332 3493 1524 3560 mentionem
1539 3494 1659 3563 faciunt

248 3609 348 3674 sancti
368 3605 584 3698 Hieronymus
608 3617 640 3674 et
662 3607 898 3694 Augustinus.⁵)
946 3603 1012 3673 Sed
1036 3615 1067 3671 et
1091 3605 1170 3671 alter
1196 3615 1243 3671 est
1257 3603 1438 3673 Victorinus
1453 3612 1659 3695 praenomine

246 3728 423 3799 Maximus,
446 3723 498 3788 cui
520 3722 753 3790 Lindemannus
777 3721 899 3790 libellos
922 3731 987 3788 tres
1002 3726 1036 3788 dc
1056 3743 1089 3787 re
1103 3725 1312 3806 grammatica,
1335 3726 1369 3787 dc
1384 3728 1516 3790 carmine
1530 3729 1657 3806 terciae,

247 3843 282 3904 dc
300 3843 419 3905 ratione
440 3850 602 3904 antrorum
624 3838 736 3904 tribuit
758 3839 875 3926 quippe
898 3837 1019 3903 bomini
1039 3835 1124 3902 baud
1146 3835 1320 3902 admodum
1342 3837 1486 3904 doctrina
1502 3861 1659 3926 gramma·

249 3954 310 4018 tica
331 3954 457 4040 insigni.
504 3951 702 4040 Quamquam
725 3953 758 4018 in
781 3951 920 4018 editione
936 3949 1051 4018 Adami
1066 3949 1156 4016 Petri
1180 3955 1265 4018 1527
1288 3961 1319 4017 et
1333 3952 1366 4017 in
1382 3953 1493 4020 codice
1508 3953 1658 4023 Bobiensi

249 4063 383 4134 Maximi
408 4091 603 4156 praenomen
625 4069 749 4136 auctori
773 4067 938 4134 dumtaxat
960 4067 1105 4153 opusculi
1128 4065 1168 4132 dc
1199 4066 1324 4133 ratione
1354 4079 1530 4136 metrorum
1559 4073 1658 4160 assig-

622 4284 672 4294 ..—

354 4433 378 4496 ί)
415 4435 442 4484 P.
461 4435 495 4484 28
514 4449 573 4500 sqq.

355 4520 378 4588 ²)
416 4523 459 4574 ad
478 4524 586 4574 Terent.
605 4524 690 4577 Maur.
710 4539 735 4588 p.
754 4523 806 4576 ³52
825 4539 863 4588 sq.

357 4610 378 4676 ³)
414 4613 443 4664 Ρ.
462 4611 531 4663 taso
550 4626 608 4677 sqq.

355 4699 376 4770 ²¹)
413 4704 440 4752 P.
459 4701 530 4754 2586
549 4717 589 4766 sq.

357 4788 376 4846 ⁵)
411 4792 451 4842 Cl.
470 4791 597 4856 Magoa·
615 4791 675 4842 blut.
696 4793 756 4842 crit.
776 4791 913 4842 rebellant.
934 4792 1007 4842 latin.
1027 4788 1095 4842 Parc
1112 4793 1132 4842 1.
1152 4807 1178 4856 p.
1197 4793 1248 4842 153
1268 4807 1327 4856 sqq.
