3666 5544
815 456 1030 517 ...95-

199 622 436 710 epigrammate
451 617 611 687 Leonidae
628 617 809 693 Tarentini,
833 617 948 708 Pyrrhi
965 619 1113 684 victorias
1129 617 1333 697 celebrantis,
1359 615 1480 683 Graece
1495 617 1617 703 scripto

201 737 408 826 prolectam,
432 735 487 801 scd
505 736 613 802 Orosii
636 745 798 801 auctorem
817 731 941 799 Livium
966 755 1034 799 esse
1049 738 1231 802 Niebuhriua
1255 732 1413 814 censuit.¹]
1461 732 1512 798 Ex
1536 733 1620 798 eius·

201 853 276 920 dem
299 849 470 918 Niebuhrii
492 851 646 918 sententia
669 848 751 916 Livii
774 848 871 916 verba
894 849 971 914 nihil
993 849 1078 916 aliud
1102 859 1190 914 arant
1214 849 1272 914 nisi
1296 869 1353 935 par
1386 869 1536 914 versuum
1562 844 1620 913 Sa·

199 968 386 1036 turniorum
420 967 726 1054 antiquissimorum,
759 987 777 1030 a
814 963 939 1030 Graeco
970 965 1003 1030 in
1026 962 1173 1030 Latinum
1209 984 1389 1030 sermonem
1413 967 1621 1036 conuersum,

204 1104 345 1171 qnorum
375 1082 456 1148 alter
486 1081 672 1148 hexametro
694 1080 889 1168 respondens
911 1080 945 1145 in
968 1080 1052 1144 hunc
1075 1079 1226 1145 modum:

379 1197 435 1284 qui
457 1196 602 1262 antidhac
623 1196 731 1262 invicti
754 1195 846 1262 fuere
868 1195 944 1269 viri,
968 1204 1058 1280 pater
1080 1195 1199 1281 optime
1222 1192 1363 1282 Olympi,

206 1314 285 1380 alter
314 1319 513 1400 pentametro
536 1310 720 1378 breviorum
745 1331 894 1376 versuum
918 1310 1041 1375 ratione
1065 1309 1260 1396 compositus
1283 1329 1352 1374 esse
1376 1308 1540 1374 videatur:

331 1475 334 1490 .
385 1429 442 1494 hos
465 1450 528 1514 ego
551 1428 585 1492 in
609 1447 714 1513 pugna
740 1426 799 1492 vici
822 1426 988 1512 victasque
1011 1446 1081 1490 sum
1106 1423 1145 1490 ab
1168 1424 1279 1490 isdem.

294 1541 334 1608 Et
363 1555 399 1610 ut
429 1544 507 1610 haec
537 1543 578 1608 de
609 1563 757 1608 versuum
789 1542 912 1606 ratione
943 1541 1141 1613 omittamus,
1175 1539 1215 1606 de
1248 1539 1382 1627 quibus,
1418 1542 1492 1626 quia
1515 1540 1620 1627 paullo

208 1658 378 1724 obscurius
400 1659 519 1724 dictum
543 1658 642 1742 esti).
672 1655 820 1743 liquidius
844 1655 976 1722 iudicari
1000 1657 1124 1742 nequit,
1160 1655 1212 1721 illa
1236 1655 1275 1722 de
1298 1655 1442 1722 versibus
1466 1653 1622 1722 Saturuiis

208 1774 420 1860 pronunciata
438 1773 607 1840 admodum
626 1771 720 1837 dubia
743 1771 901 1836 videntur.
948 1769 1030 1836 Nam
1055 1771 1146 1836 nobis
1172 1772 1318 1838 versiculi
1341 1773 1373 1836 in
1397 1771 1623 1860 dactylieorum

206 1910 361 1955 versuum
388 1888 518 1954 modum
542 1887 656 1954 cadere
679 1885 842 1970 videntur,
868 1895 989 1952 utnon
1012 1887 1115 1952 iustos
1140 1887 1267 1973 quidem
1291 1887 1452 1962 heroicos,
1477 1887 1533 1952 sed
1549 1908 1625 1973 pro·

204 2005 294 2071 xime
325 2005 364 2070 ad
394 2005 469 2070 illos
501 2003 687 2070 accedentes
718 2001 811 2068 facile
842 2023 1049 2086 agnoscamus
1072 2001 1227 2089 illumque
1249 2001 1342 2068 Pauli
1365 2000 1499 2069 Diaconi
1524 2002 1625 2067 edito·

208 2141 280 2186 rem
315 2139 408 2205 supra
438 2119 598 2185 laudatum
629 2118 712 2183 hand
735 2117 850 2205 procul
873 2139 890 2182 a
915 2138 992 2182 vero
1015 2115 1153 2182 abfuisse
1177 2117 1353 2184 credamus.
1401 2117 1510 2199 Quare
1532 2115 1624 2182 nohis

152 2265 164 2280 ·
210 2233 351 2300 maxime
379 2232 543 2320 probabile
575 2232 718 2310 videtur,
754 2232 840 2319 quod
869 2235 1022 2310 Nia'clrios,
1057 2232 1106 2297 vir
1136 2232 1347 2308 clarissimus,
1383 2233 1533 2317 statuit,3)
1566 2231 1625 2298 hos

209 2369 322 2414 versae
343 2349 382 2414 ad
405 2347 541 2415 Ennium
565 2357 729 2414 auctorem
752 2348 940 2414 referendos
964 2369 1054 2424 esse,
1086 2371 1104 2413 a
1136 2369 1201 2435 quo
1224 2347 1334 2414 Livius
1356 2349 1426 2414 illos
1449 2369 1546 2435 parce
1570 2347 1625 2413 de·

212 2473 314 2530 tortos
337 2465 511 2550 repetierit.
563 2462 695 2530 Constat
727 2463 826 2542 enim,
862 2461 980 2552 Pyrrhi
1008 2462 1125 2528 bellum
1156 2465 1189 2529 in
1223 2463 1388 2530 annalibus
1420 2473 1625 2550 persecutum

210 2599 282 2646 esse
297 2577 451 2655 Ennium,
476 2580 566 2646 cuius
590 2580 684 2645 etiam
701 2577 817 2644 Cicero
830 2578 854 2662 ⁴)
879 2599 989 2644 versus
1013 2579 1182 2644 nonnullos
1205 2579 1267 2646 hue
1289 2580 1483 2666 pertinentes
1509 2579 1624 2644 laudat.

207 2693 248 2760 Et
281 2694 424 2782 quamvis
453 2695 629 2768 rarissime,
663 2705 711 2769 et,
741 2695 767 2759 si
797 2695 950 2760 memoria
982 2716 1032 2760 me
1063 2715 1127 2760 non
1156 2694 1252 2769 fallit,
1283 2695 1380 2760 semel
1405 2693 1624 2760 tantummodo

211 2807 301 2875 Ennii
326 2831 453 2876 versum
477 2810 636 2895 integrum
660 2808 745 2895 apud
761 2807 887 2874 Livium
910 2809 1171 2896 deprehenderim
1184 2810 1219 2892 ,5)
1252 2809 1420 2876 commode
1436 2822 1539 2875 tamen
1556 2808 1625 2874 lieri

208 2925 331 3012 potuit,
363 2924 476 3000 utillo
499 2945 608 2991 rerum
631 2924 833 3010 antiquarum
855 2924 994 2991 facundo
1019 2933 1203 2992 enarratore
1225 2925 1325 2992 libere
1356 2934 1512 2991 uteretur.
1559 2921 1625 2990 Sed

207 3041 302 3106 etiarn
330 3036 474 3119 Ennius,
497 3040 524 3104 si
546 3037 706 3105 Leonidae
730 3036 891 3104 Tarentini
921 3039 1075 3106 distichon
1108 3041 1285 3116 transtulit,
1320 3061 1411 3106 more
1445 3061 1523 3120 suo,
1560 3061 1624 3126 quo

208 3177 272 3222 non
299 3153 411 3228 verba,
436 3153 490 3220 sed
514 3155 577 3220 vim
599 3153 798 3220 Graecorum
822 3163 986 3240 poetarum
1011 3156 1182 3241 expressit,
1207 3155 1305 3222 bbere
1328 3156 1443 3222 fecisse
1464 3155 1624 3242 putandus

213 3279 268 3336 est.
314 3268 467 3336 Ceterum
489 3271 517 3334 si
541 3268 698 3336 exEnnii
722 3270 885 3336 annalibus
908 3269 1017 3335 Livius
1041 3271 1167 3336 titulum
1191 3281 1352 3336 mutuatus
1376 3282 1438 3350 est,
1472 3292 1537 3336 non
1561 3270 1624 3335 dis·

209 3385 317 3452 tichon
339 3385 514 3472 elegiacum
538 3407 579 3452 ex
602 3385 789 3450 hexametro
814 3395 846 3450 et
869 3394 1069 3471 pentametro
1098 3395 1260 3461 constans,
1296 3386 1388 3472 quale
1420 3386 1539 3472 templo
1562 3382 1625 3451 Mi-

209 3521 328 3566 nervae
352 3499 486 3566 ltouidis
508 3499 652 3589 Pyrrhus
675 3501 876 3587 inscripsit‚⁶)
901 3501 957 3566 sed
979 3499 1071 3566 binos
1087 3501 1289 3566 hexametros
1305 3501 1449 3568 reddidit.
1497 3501 1568 3582 Qua
1584 3521 1625 3566 ex

212 3635 249 3680 re
271 3625 398 3700 apparet
421 3625 451 3680 et
476 3624 596 3690 exstat,
621 3637 715 3702 quarn
737 3614 836 3681 futilis
859 3615 973 3681 iterum
996 3616 1037 3679 sit
1051 3614 1220 3681 Niebuhrii
1242 3617 1425 3683 coniectura
1447 3617 1622 3690 statuentis,

209 3727 334 3796 bivium
366 3731 449 3797 illam
482 3731 748 3799 narratiunculam
772 3752 790 3796 e
812 3729 953 3796 lontibus
976 3731 1116 3797 hausisse
1138 3729 1242 3798 Ennio
1265 3731 1513 3818 antiquioribus,
1550 3731 1622 3818 quia

319 4031 339 4095 ¹)
376 4033 451 4084 Rdm.
473 4033 572 4084 Gesch.
590 4034 636 4084 dte
655 4035 723 4084 aad.
742 4035 791 4084 111.
811 4049 837 4098 p.
856 4034 909 4084 560
927 4036 1005 4085 hnm.
1023 4036 1084 4087 stt.

314 4117 337 4184 ²)
376 4121 482 4172 Graeco
500 4124 656 4173 hexametro
670 4124 825 4174 Saturnium
844 4125 1025 4187 respondere.
1054 4127 1142 4176 virum
1161 4127 1344 4177 doctissimum
1362 4131 1504 4190 propterca
1523 4125 1623 4176 dixisse

207 4211 375 4267 conieceris,
394 4211 466 4275 quod
484 4212 642 4262 hexametro
660 4212 771 4262 heroico
789 4225 874 4276 aeque
892 4225 923 4262 ac
942 4213 1069 4264 Saturnio
1088 4227 1133 4264 sex
1152 4217 1220 4265 totus
1241 4217 1411 4266 conveniunt.

313 4294 336 4360 3)
372 4298 456 4349 Index
474 4300 537 4350 lect.
557 4301 661 4350 hibern.
681 4302 709 4350 in
728 4301 801 4352 uuir.
820 4303 904 4352 Boou.
925 4302 1005 4353 teat.

315 4383 339 4449 l)
377 4387 1108 4454 Dedivin.2‚565.1163deoffic.l,12§.38.

313 4471 337 4537 ⁵)
374 4475 420 4526 llst
439 4477 485 4526 ille
507 4478 734 4528 celebratissimus
748 4478 782 4528 de
794 4478 826 4540 Q.
840 4477 974 4530 Maximo:
993 4481 1066 4530 Unus
1080 4482 1160 4530 homo
1172 4482 1250 4531 nobis
1263 4483 1414 4532 cunctando
1428 4481 1543 4531 restituit
1556 4493 1620 4538 rem'

312 4557 336 4626 ⁶)
518 4561 590 4624 Tude
606 4561 726 4626 θνρεονς
743 4558 758 4616 ὁ
778 4564 921 4627 Μολοσσὸς
939 4561 1055 4618 Ἰτωνίδι
1072 4567 1164 4633 δῶρον
1181 4562 1284 4639 Ἀθάνᾳ

596 4649 707 4720 Πύδὸος
724 4648 779 4706 ἀπὸ
798 4651 927 4719 θρασέων
945 4651 1089 4721 ἐκρέμασεν
1110 4657 1252 4721 Γαλατᾶν,

515 4736 610 4794 Πάντα
628 4741 678 4794 τὸν
695 4737 846 4807 Ἀντιγόνου
864 4741 990 4795 καθελών
1008 4742 1133 4809 στρατόν.
1152 4739 1186 4796 oti
1204 4742 1271 4810 μέγα
1290 4745 1401 4810 dudpu'

601 4827 730 4896 Alzpnrul
749 4830 795 4882 aul
814 4831 863 4884 νῦν
882 4830 928 4884 καὶ
946 4829 1032 4898 πάρος
1049 4831 1183 4886 Αἰακίδαι.
