3666 5544
830 461 1043 521 ,34-

225 638 256 692 et
282 626 320 708 Q.
344 622 459 692 Marcii
483 622 625 692 Tremuli
648 647 675 690 a.
699 628 766 691 447
798 624 908 712 positis
923 624 944 708 1)
979 623 1095 690 iactum
1127 646 1196 692 esse
1225 627 1383 704 creditur,
1415 630 1499 698 aliud
1534 641 1640 699 tamen

228 752 275 808 est
302 740 407 808 tabula
431 740 501 806 aedi
524 741 636 815 affixa,
669 739 754 806 aliud
784 739 948 826 inscriptio
972 747 1093 806 statuae
1116 750 1292 826 praetexta.
1337 742 1389 810 Ad
1412 745 1473 812 hoc
1495 747 1521 812 si
1545 749 1640 814 etiam

223 857 360 923 tabulam
384 856 502 942 templo
526 856 650 920 affixam
674 875 744 920 esse
770 853 983 931 concederes,
1006 853 1075 920 fieri
1099 866 1203 922 tamen
1227 858 1315 924 nullo
1337 869 1430 945 pacta
1452 863 1577 948 potuit,
1601 873 1638 930 ut

224 971 340 1038 Atilius
362 971 448 1037 illam
471 971 535 1037 suis
558 971 634 1057 ipsis
657 969 757 1036 oculis
782 970 919 1036 vidisset.
965 967 1049 1035 Nam
1079 971 1232 1058 templum
1265 973 1395 1040 Pietatis
1424 975 1488 1042 iam
1518 975 1638 1044 Caesar

223 1087 391 1153 demolitus
416 1095 479 1162 est,
503 1095 539 1152 ut
561 1086 686 1152 theatro
710 1085 905 1152 exstruendo
928 1085 1167 1172 aptum-locum
1190 1086 1359 1171 habereut)
1416 1087 1514 1157 Nulla
1536 1093 1636 1178 igitur

223 1201 327 1270 tabula
350 1211 512 1278 exstante,
547 1201 634 1267 nullo
663 1199 819 1287 scriptore
847 1201 915 1267 eius
944 1211 1167 1288 argumentum
1198 1202 1379 1282 referente,
1414 1206 1499 1272 unde
1522 1205 1639 1275 Atilius

224 1319 276 1385 illa
299 1327 408 1406 petere
431 1316 535 1404 potuit
557 1316 617 1382 nisi
639 1315 680 1382 de
702 1322 784 1382 suot
808 1313 907 1382 Cuius
930 1317 977 1382 rei
1000 1325 1110 1403 aperte
1133 1337 1167 1382 se
1190 1327 1355 1384 auctorem
1377 1320 1533 1406 prodidit,
1563 1345 1639 1390 cum

223 1435 257 1500 in
273 1433 378 1500 tahida
393 1433 445 1499 illa
461 1432 570 1498 fictitia
592 1474 609 1512 »
617 1435 733 1516 suadit,
748 1435 848 1516 saqat,
861 1437 1026 1515 praecanit
1036 1435 1053 1474 ‘<
1078 1433 1263 1520 inscriptum
1280 1455 1349 1500 esse
1365 1435 1496 1502 diceret.
1535 1434 1637 1515 Nam,

224 1549 396 1638 quodiam
418 1551 576 1614 Lerschias
598 1555 684 1613 recte
709 1545 829 1632 vidit,3)
854 1545 894 1612 de
911 1545 1083 1613 Glabrione
1103 1548 1256 1634 scriptum
1280 1549 1377 1615 luisse
1399 1573 1529 1618 necesse
1552 1563 1638 1620 erat:

226 1669 344 1750 ‚podia
366 1667 499 1748 saqacit,
519 1663 714 1746 prostravit«
759 1658 871 1748 ltaque
886 1661 1079 1729 versiculum
1098 1661 1186 1729 illum
1202 1686 1242 1729 ne
1265 1685 1305 1730 ex
1329 1666 1480 1732 historico
1504 1668 1635 1755 quidem

224 1781 463 1866 depromptum,
488 1777 544 1844 sed
566 1775 606 1842 ab
629 1775 841 1844 homuncione
864 1777 1039 1844 semidocto
1062 1787 1182 1846 ternere
1204 1778 1313 1846 fictum
1338 1803 1408 1847 esse
1424 1781 1634 1860 crediderim

226 1895 313 1983 quod
334 1893 419 1960 idem
442 1893 510 1959 lere
532 1898 738 1959 Hannonem
760 1893 907 1958 statuisse
929 1892 1068 1977 videod)
1093 1893 1169 1960 dum
1192 1899 1361 1962 naucerus
1384 1881 1534 1964 versuum
1558 1919 1639 1985 pan-

225 2009 402 2096 gendorum
427 2008 647 2096 cupidissimus
669 2007 761 2074 facile
784 2029 818 2074 se
841 2007 905 2074 falli
927 2029 1037 2094 passus
1061 2018 1118 2075 est.

372 2208 444 2276 12.
489 2209 644 2271 Tabula
667 2209 725 2270 ut.
774 2208 1000 2283 sempronii
1025 2210 1196 2272 Gracchi
1220 2208 1276 2292 (a.
1300 2227 1339 2272 u·
1364 2208 1485 2292 58⁰).

313 2355 360 2423 Ti.
386 2353 596 2443 Sempronius
614 2353 795 2437 Gracchus,
819 2365 909 2443 pater
925 2354 1043 2422 tribuni
1061 2355 1160 2442 plebis
1182 2357 1265 2423 illius
1288 2357 1401 2445 optimi
1423 2359 1516 2424 simul
1538 2369 1634 2448 atque

225 2471 446 2548 infelicissimi,
481 2470 635 2558 imprimis
667 2472 771 2538 clarus
799 2470 908 2564 lactus,
929 2480 994 2546 est,
1030 2471 1116 2558 quod
1139 2493 1250 2538 omnes
1273 2471 1450 2540 Sardorum
1473 2476 1626 2562 populos,

227 2589 282 2675 qui
306 2585 505 2660 deiecerant,
538 2585 721 2672 perdomuit
743 2595 775 2652 et
796 2587 829 2652 in
853 2586 1003 2653 ditionem
1026 2586 1150 2673 redegit
1173 2585 1211 2670 (a.
1234 2609 1265 2654 ιι.
1291 2593 1355 2666 576
1380 2585 1482 2676 Cap).
1529 2589 1627 2672 Quam

225 2701 268 2769 ob
290 2723 359 2768 rem
381 2701 515 2768 feliciter
537 2710 655 2788 gestam
679 2711 806 2768 senatus
830 2712 862 2768 et
884 2702 1039 2769 honorem
1061 2703 1217 2787 insignem
1233 2700 1303 2769 Diis
1325 2701 1505 2770 habendum
1528 2713 1561 2771 et
1582 2700 1629 2770 Ti.

225 2815 419 2905 Sempronio
450 2817 640 2904 proconsuli·
661 2839 734 2883 cum
765 2819 909 2884 exercitu
935 2839 996 2904 per
1024 2816 1187 2884 biennium
1216 2818 1249 2883 in
1273 2815 1420 2886 Sardinia
1442 2819 1633 2887 manendum

225 2954 295 3000 esse
318 2932 495 3016 decrevitl)
552 2929 715 3000 Reversus
737 2930 873 3000 Romam
895 2955 923 3000 a.
947 2937 1012 3000 5⁷8
1035 2933 1242 3020 triumphavit
1265 2932 1305 3000 de
1328 2930 1438 3000 Sardis
1462 2935 1634 3003 etiterum

224 3047 352 3115 hiennio
382 3055 455 3134 post
483 3069 510 3114 a.
541 3052 606 3114 580
635 3047 773 3115 tabulam
801 3047 969 3115 artificiose
998 3047 1144 3131 lactamll
1178 3049 1212 3114 in
1240 3048 1318 3116 aede
1346 3047 1460 3116 Matris
1488 3047 1635 3118 Matutae

223 3162 403 3251 ponendam
426 3162 561 3238 curavit,
587 3165 677 3230 cuius
699 3163 834 3230 indicem
857 3163 942 3230 hunc
963 3161 1060 3230 luisse
1083 3161 1191 3230 Livius
1214 3165 1365 3232 affirmat:
1397 3169 1444 3230 Ti.
1468 3169 1637 3250 Senqrorrii

226 3285 356 3349 Gracchi
384 3285 515 3348 causalia
540 3285 664 3364 irnperio
694 3283 883 3364 aspicioque
913 3283 988 3364 leqia
1013 3284 1216 3366 coercitorque
1239 3285 1342 3365 papali
1370 3285 1500 3347 Romani
1529 3284 1637 3347 Sardi-

223 3401 307 3464 niam
328 3401 460 3482 rabeqit,·
492 3402 526 3463 irc
552 3420 586 3463 ea
602 3399 762 3480 prouecta
787 3399 916 3460 hostiam
939 3417 1026 3460 caera
1046 3408 1100 3461 aut
1126 3407 1215 3480 capta
1240 3417 1335 3479 cupra
1358 3400 1507 3480 octoqirrta
1529 3400 1634 3462 millia.

224 3517 384 3596 Republica
402 3517 571 3597 felicissime
596 3523 680 3596 qesta
701 3521 789 3594 atquc
812 3513 958 3576 libertatis
980 3507 1108 3594 (sociis),
1131 3513 1323 3594 aectiqalibur
1343 3514 1510 3586 rectitatis,
1536 3531 1634 3575 eaer-

224 3633 318 3694 citam
343 3631 457 3694 ealcum
487 3637 574 3711 atqua
599 3630 774 3692 incolumem
796 3627 999 3708 planissimum
1023 3628 1137 3710 praeda
1162 3629 1281 3692 damam
1309 3629 1493 3710 reportarit,
1527 3627 1635 3691 iteum

329 3946 349 4013 Ι)
385 3947 455 4000 Plin.
473 3947 500 3998 h.
519 3961 545 3997 u.
571 3947 619 4011 aa,
648 3948 710 4012 53.
735 3947 786 4008 11;
814 3947 871 3998 Liv.
890 3947 920 4009 8,
947 3947 990 3998 13.
1025 3947 1136 4000 llielrulrr
1159 3947 1226 3998 riim.
1253 3946 1350 3998 Gesch.
1380 3946 1426 3996 lll.
1451 3944 1516 4008 1673
1543 3943 1635 3996 Becher

225 4037 293 4088 riim.
312 4036 426 4087 Alterth.
445 4037 467 4087 1.
485 4035 546 4086 322.

329 4121 353 4190 ²)
389 4125 440 4176 llio
460 4124 534 4176 Cass.
551 4125 603 4183 lib,
622 4124 657 4176 db
675 4122 726 4184 τὰς
744 4117 775 4174 δὲ
793 4121 880 4184 οἰκίας
898 4119 962 4186 τούς
980 4139 1008 4176 τε
1026 4123 1110 4185 ναοὺς
1127 4121 1191 4184 taric
1209 4116 1238 4174 ἐν
1254 4121 1292 4192 τῷ
1309 4121 1398 4192 χωρίῳ
1416 4115 1509 4190 ἐκείνῳ
1527 4105 1636 4180 irenei

227 4215 336 4276 Karioco
352 4209 478 4266 achaida
495 4230 520 4264 rr.
538 4230 562 4264 τ.
581 4215 602 4264 l.
1295 4255 1296 4258 ,
1381 4251 1384 4258 .

331 4299 352 4368 ³)
389 4305 428 4356 lie
445 4316 527 4354 versu
545 4303 599 4353 Sat.
619 4317 644 4365 p.
662 4302 706 4353 25.
724 4303 837 4354 Frustra
855 4301 1011 4367 obloquitur
1028 4301 1179 4351 Diintzerus
1197 4299 1262 4352 thid.
1282 4314 1306 4363 p.
1326 4298 1369 4348 tt.

331 4387 351 4451 l)
389 4391 472 4442 Elem.
492 4391 578 4442 doctr.
596 4397 675 4444 metr.
694 4405 719 4454 p.
738 4391 799 4442 tlt.

330 4477 351 4539 ⁵)
386 4479 639 4542 ntv.a1,rr.nr.

331 4564 352 4633 5)
388 4570 445 4620 Liv.
464 4568 516 4624 it,
539 4569 574 4620 28
603 4568 768 4632 „Sardiniae
794 4568 897 4619 insulae
920 4569 1008 4620 forma
1032 4574 1091 4620 erat
1113 4572 1194 4632 atque
1220 4567 1247 4616 in
1269 4579 1301 4617 en
1326 4565 1470 4616 simulacra
1488 4575 1642 4626 pugnarum

225 4659 322 4721 picta«
362 4657 505 4708 Caniicere
523 4657 588 4708 licet
605 4657 722 4722 ligneam
741 4655 833 4707 luisse.
872 4655 912 4709 Gt.
932 4657 1062 4722 Porphyr.
1081 4657 1221 4707 adflarat.
1239 4655 1291 4706 Pis.
1310 4669 1335 4707 r.
1349 4653 1418 4704 ³99:
1437 4651 1553 4708 »herois
1566 4651 1639 4702 enirn

162 4771 165 4774 -
224 4747 323 4798 tabulis
341 4747 443 4810 antiqui
462 4759 517 4796 non
534 4751 596 4798 sunt
614 4747 671 4809 usi,
690 4746 737 4797 scd
756 4745 888 4796 roboreis.
924 4747 954 4796 ln
973 4747 1020 4796 has
1041 4745 1198 4796 incidebant
1215 4744 1306 4809 leges,
1324 4743 1395 4792 unde
1413 4739 1501 4790 adhuc
1519 4737 1635 4790 Athenis

223 4841 315 4900 legum
334 4836 446 4886 tabulae
463 4826 559 4897 ἄξονες
579 4829 621 4900 (et
640 4829 933 4901 maceraverimus„
