3666 5544
828 437 1042 498 ,12-

219 599 397 664 accuratius
424 597 683 677 videndumst,
720 598 832 666 deinde
857 600 1120 675 examinandum,
1154 622 1228 668 uum
1262 623 1371 668 versus
1403 603 1446 668 illi
1470 602 1637 672 Saturnio·

218 735 292 780 rum
315 713 454 780 indolem
478 735 612 800 praese
643 714 773 782 ferant?
819 711 999 803 Utrumque
1030 716 1147 782 iterum
1169 713 1366 784 Niebubrius
1399 719 1507 785 statuit
1539 729 1635 808 atque

219 830 409 898 auctoritate
431 850 487 896 sua
512 829 640 914 longum
664 829 911 898 clarissimorum
936 831 1078 898 virorum
1101 852 1215 916 agmen
1245 853 1352 899 secum
1385 833 1518 916 traxit.¹l
1565 831 1632 901 Sed

218 954 386 1032 antequam
409 945 467 1012 hac
498 945 566 1031 ipsa
589 944 628 1010 de
651 967 687 1011 ra
721 944 878 1022 dicamus,
912 945 1020 1032 paucis
1048 946 1272 1032 exponendum
1302 947 1448 1020 videtur.
1479 948 1557 1037 quid
1586 950 1635 1020 vir

219 1059 419 1126 doctissimus
443 1061 482 1126 de
506 1081 656 1128 versuum
681 1057 907 1128 Saturniornm
930 1061 1181 1128 conformatione
1205 1063 1359 1129 statuerit.

308 1173 458 1242 Virorum
480 1175 664 1253 doctorum,
697 1196 834 1263 qnorum
857 1176 970 1242 bacin
1000 1198 1036 1242 re
1059 1175 1256 1244 Niebubrius
1290 1179 1379 1265 quasi
1410 1179 1635 1265 antesignanus

220 1300 282 1371 est,
312 1291 493 1378 paucissimi
516 1291 635 1378 quique
658 1289 791 1356 fortasse
815 1291 1054 1367 intellexerunt,
1080 1303 1112 1360 et
1135 1315 1217 1380 quae
1240 1315 1316 1361 vera
1339 1293 1436 1360 fuerit
1459 1293 1543 1362 illius
1566 1316 1639 1363 seu-

222 1407 332 1480 tentia,
357 1416 389 1472 et
412 1416 489 1492 quot
523 1427 580 1492 per
610 1405 790 1474 discrimina
819 1407 931 1474 ducem
960 1409 1116 1476 incertum
1150 1429 1260 1476 rerum
1290 1429 1418 1476 suarum
1441 1409 1542 1476 secuti
1563 1411 1634 1478 sint.

220 1520 348 1590 Scilicet
383 1522 457 1588 dum
492 1518 688 1590 Niebubrius
724 1519 911 1609 Scipionum
943 1533 1146 1590 monumenta
1180 1521 1324 1590 versibus
1357 1521 1518 1591 Saturuiis
1559 1545 1634 1592 cou-

219 1639 334 1724 scripta
358 1659 426 1706 esse
448 1637 647 1724 pronuntiat,
671 1637 813 1725 plerique
836 1637 876 1704 de
898 1638 957 1704 illis
983 1637 1141 1704 Saturniis
1170 1639 1369 1725 cogitarunt,
1405 1660 1486 1727 quos
1515 1637 1631 1707 Teren-

220 1755 323 1821 tianus
346 1751 493 1827 Maurus,
530 1763 643 1822 auctor
667 1753 755 1822 valde
790 1751 910 1828 bonus,
941 1753 1050 1820 clauda
1076 1764 1165 1840 parte
1197 1753 1323 1820 dimetri
1351 1753 1491 1830 iambici,
1520 1753 1634 1820 iunctis

224 1867 324 1938 tribus
348 1868 519 1943 trochaeis,
554 1878 700 1936 constare
723 1868 821 1947 dixit,
846 1889 985 1955 quorum
1008 1870 1188 1956 exemplum
1211 1869 1273 1937 hoc
1295 1881 1363 1936 est:

312 2096 428 2187 Neque
451 2098 583 2166 dubium
607 2120 675 2166 esse
699 2109 819 2186 potest,
844 2099 921 2187 quin
945 2099 1038 2166 etiam
1061 2099 1093 2168 iu
1118 2099 1203 2167 bunc
1218 2101 1350 2168 modum
1365 2097 1534 2168 Saturnios
1550 2119 1635 2166 com·

227 2225 352 2304 paratos
382 2236 450 2282 esse
475 2215 621 2282 voluerit.
669 2213 740 2296 Qua
764 2216 923 2281 tamenin
946 2215 1037 2282 reid
1066 2214 1209 2282 mirabile
1239 2216 1341 2282 visum
1373 2224 1435 2288 est,
1468 2212 1554 2302 quod
1588 2212 1637 2280 vir

226 2330 425 2400 doctissimus
449 2330 622 2398 versiculos
645 2330 859 2416 inscriptionis
883 2328 1012 2398 Barbati
1037 2351 1100 2398 non
1124 2331 1184 2396 nisi
1203 2339 1355 2418 quattuor
1370 2339 1559 2396 accentuum
1575 2327 1639 2414 sig·

223 2447 271 2514 uis
303 2446 473 2531 insignivit.
518 2443 670 2514 Restabat
684 2445 782 2531 igitur
805 2444 977 2512 obscurum
1000 2444 1178 2532 quoddam,
1202 2445 1288 2532 quod
1312 2445 1494 2533 nuperrime
1510 2443 1636 2510 demum

226 2561 397 2630 enodatum
422 2573 479 2628 est.
524 2559 682 2649 Apparuit
706 2561 805 2637 enim,
828 2557 1042 2628 Niebubrium
1065 2559 1125 2627 sibi
1143 2579 1206 2627 non
1222 2561 1421 2642 constitisse,
1443 2558 1500 2626 sed
1521 2557 1638 2626 mirum

224 2679 256 2748 iu
279 2677 409 2744 modum
433 2676 619 2744 sententiam
642 2676 779 2744 variasse
801 2685 897 2763 atque
919 2686 1056 2744 mutasse
1066 2675 1101 2759 β)
1133 2675 1268 2763 denique
1292 2675 1483 2762 singularem
1508 2673 1638 2742 omnino

228 2805 259 2860 et
281 2816 300 2860 a
323 2803 504 2862 ceterorum
536 2791 813 2878 grammaticorum
837 2790 982 2858 doctriua
1003 2811 1136 2878 prorsus
1159 2789 1382 2858 abhorrentem
1404 2790 1445 2860 de
1467 2811 1562 2858 versu
1579 2785 1639 2858 Sa·

226 2911 333 2978 turnio
365 2909 587 2995 cogitationem
610 2907 715 2974 auimo
739 2907 929 2985 concepisse.
975 2901 1113 2974 Accedit
1131 2905 1217 2994 quod
1240 2927 1305 2974 non
1327 2906 1430 2974 minus
1456 2901 1640 2974 admirabile

227 3025 410 3094 Dintrerns
439 3044 541 3110 nuper
565 3044 583 3088 e
604 3021 687 3088 lama
710 3021 794 3088 baud
816 3021 994 3109 spernenda
1016 3021 1159 3102 tradidit,
1182 3019 1394 3088 Niebubrium
1417 3019 1491 3086 olim
1515 3017 1640 3086 audito·

228 3141 315 3208 ribus
340 3139 404 3206 suis
427 3139 459 3204 in
483 3137 597 3216 scholis
621 3137 826 3224 exposuisse,
850 3133 1035 3202 Saturnium
1058 3159 1186 3203 versum
1210 3146 1361 3224 quattuor
1390 3143 1536 3202 constare
1558 3131 1641 3202 Bac·

228 3257 303 3324 chiis
333 3255 400 3324 sive
423 3275 492 3322 esse
515 3262 735 3322 tetrametrum
767 3247 990 3331 Bacchiacum,
1023 3253 1066 3320 ita
1103 3263 1222 3326 tamen,
1257 3262 1293 3320 ut
1322 3252 1354 3319 in
1384 3248 1513 3319 Baccbii
1535 3250 1638 3318 locum

226 3373 318 3438 etiam
350 3369 519 3458 Spondcus
541 3369 712 3435 succedere
734 3369 876 3454 posset.³)
924 3365 1022 3434 Cuius
1046 3369 1226 3454 exemplum

231 3603 258 3668 si
279 3602 318 3668 ad
343 3620 455 3668 versus
478 3601 650 3688 quosdam,
675 3601 782 3688 quales
807 3599 917 3686 elogiis
941 3595 1126 3686 Scipionum
1151 3595 1336 3684 assignavit,
1365 3595 1571 3684 applicueris,
1605 3612 1641 3658 re

334 3833 354 3896 1)
391 3837 502 3887 Niebuhr
520 3835 539 3886 l.
559 3850 599 3897 c.;
625 3833 764 3898 Grotesead
781 3833 872 3882 latein.
893 3831 1012 3882 Gramm.
1032 3830 1065 3880 ll.
1084 3830 1110 3889 ὃ.
1129 3829 1181 3880 757
1200 3843 1275 3894 sqq.;
1295 3829 1320 3881 C.
1341 3827 1371 3878 0.
1390 3827 1484 3879 dsdtter
1502 3823 1566 3874 bell.
1585 3825 1640 3872 Lit-

230 3926 461 3990 teratur-Zeitung
474 3924 619 3978 reaturo.
633 3923 698 3984 12&
710 3923 812 3974 Fiedter
824 3921 922 3972 tisscb.
936 3921 983 3970 des
996 3919 1064 3969 riim.
1078 3919 1183 3970 Staates
1194 3919 1248 3968 und
1261 3918 1362 3968 Vollres
1370 3953 1378 3981 ,
1397 3913 1506 3977 Beilage
1521 3911 1585 3963 Nro.
1599 3913 1642 3962 lv.

229 4030 255 4079 p.
276 4016 348 4076 ³513
373 4013 452 4064 Orettt'
468 4014 550 4064 inser.
568 4014 632 4065 ltro.
650 4011 703 4064 trs
722 4025 796 4076 sqq.;
822 4011 857 4061 Η.
882 4011 973 4075 Meyer
990 4009 1093 4063 anthei.
1119 4009 1181 4060 Nro.
1201 4011 1214 4058 l
1237 4022 1296 4072 sqq.
1315 4005 1399 4070 praei.
1411 4019 1437 4068 p.
1456 4004 1513 4054 vti.
1534 4006 1642 4060 annot.;

229 4103 284 4156 zell
300 4101 527 4156 Ferienschriftsn
546 4105 579 4154 11.
597 4116 624 4166 p.
644 4101 713 4162 1883
731 4101 804 4151 Baiter
816 4100 883 4150 ritm.
897 4099 1136 4165 litteraturgascb.
1154 4100 1181 4158 8.
1199 4096 1247 4158 2⁹3
1265 4096 1419 4158 Bsmbmdg
1432 4091 1582 4144 Grundriss
1595 4091 1644 4140 der

231 4194 300 4246 riim.
318 4194 381 4243 Litt.
400 4207 426 4256 p.
445 4191 496 4254 78;
514 4192 628 4243 llitatser
646 4192 679 4241 de
698 4203 779 4242 versu
798 4189 853 4240 Sat.
865 4204 892 4253 p.
907 4189 949 4240 55.
977 4189 1105 4239 Eiusdem
1117 4185 1268 4237 sentmtiae
1280 4189 1339 4234 erat
1354 4183 1439 4234 litari
1458 4181 1644 4234 barbamve

231 4283 277 4349 qui
296 4281 467 4333 delentibus
485 4281 555 4331 Livii
574 4279 699 4344 scripsit,
718 4280 864 4330 reluctante
883 4279 912 4330 C.
931 4277 962 4328 0.
980 4275 1125 4330 bliitlerol
1152 4289 1176 4324 c.

337 4369 357 4432 2)
394 4372 435 4424 Gi.
456 4373 518 4422 bist.
537 4372 616 4421 Rom.
634 4369 699 4420 edit.
718 4369 738 4420 1.
756 4369 816 4420 Vol.
836 4369 856 4420 l.
882 4382 927 4432 pp.
946 4366 1012 4425 179,
1039 4366 1107 4426 318;
1130 4363 1193 4415 edit.
1212 4363 1258 4415 tv.
1280 4361 1337 4410 Vol.
1357 4362 1378 4412 l.
1397 4374 1423 4423 p.
1435 4360 1497 4419 2¹13,
1509 4365 1567 4410 not.
1584 4355 1646 4407 587.

337 4458 357 4522 ³>
393 4461 533 4526 Quidquid
551 4459 708 4524 superaddit
725 4459 876 4510 liiintaerus
896 4456 947 4518 (ds
966 4467 1047 4506 versu
1065 4458 1115 4505 sat.
1134 4468 1161 4518 p.
1174 4451 1223 4512 75)
1240 4451 1342 4516 quippe
1359 4449 1394 4500 ds
1405 4449 1547 4521 Niebuhrit
1566 4459 1646 4496 sensu

233 4553 277 4605 rel
295 4554 329 4604 de
349 4565 413 4609 suo,
432 4561 600 4615 nequequam
619 4548 687 4598 mihi
705 4549 764 4612 pari
783 4547 835 4598 tide
854 4546 962 4610 dignam
981 4544 1097 4594 ridetur.
1128 4543 1174 4593 Vir
1192 4541 1302 4605 quidam
1320 4538 1505 4592 doctissimus,
1522 4535 1568 4597 qni
1582 4533 1647 4582 olim

233 4641 375 4696 Niebubrii
402 4640 502 4691 scholis
536 4638 698 4689 interfuerat
721 4637 833 4700 eiusque
851 4634 1049 4699 praelectiones
1066 4629 1272 4695 diligentissime
1291 4626 1507 4694 perscripserat,
1534 4621 1647 4670 interro-

234 4733 308 4799 genti
326 4730 394 4781 mibi
412 4730 441 4779 in
459 4729 567 4780 schedis
587 4728 643 4779 suis
662 4725 731 4776 nibil
750 4725 783 4775 de
802 4723 990 4776 huiuscemodi
1002 4720 1192 4776 Saturninmm
1206 4717 1384 4783 explicatione
1396 4711 1527 4774 seriptum
1540 4713 1648 4760 exstars

235 4819 382 4886 respoudit
