3666 5544
803 469 1025 529 ..33-

203 638 318 708 Simile
342 634 504 724 quoddam
525 634 650 700 auctori
672 633 868 698 scholiorum
891 629 1098 698 Bohieusium
1123 633 1162 698 ad
1186 630 1351 699 Ciceronis
1383 636 1543 701 orationes
1574 657 1625 701 ac-

207 755 321 824 cidisse
346 749 463 825 video,
492 749 601 836 quiin
623 746 882 834 inscriptionibus
907 769 925 812 e
947 745 982 814 L.
1007 746 1109 814 Accio
1131 759 1227 834 pocta
1250 749 1355 835 petitis
1378 769 1490 816 versus
1514 749 1626 817 Satur-

207 871 277 938 nios
301 865 365 934 sibi
385 865 544 952 reperisse
567 865 654 930 rhua
678 872 736 930 est.
784 861 850 928 Sed
872 861 931 928 hac
955 862 995 928 de
1018 883 1054 928 re
1077 865 1139 930 alic
1163 864 1235 930 loco
1259 863 1427 932 dicandum
1452 867 1521 931 crit.

293 980 385 1050 Nihil
405 981 504 1066 igitur
526 999 607 1066 opus
631 984 679 1044 est
702 979 858 1063 temporis
880 979 1011 1064 insuper
1033 980 1190 1046 rationem
1214 990 1326 1045 contra
1342 991 1506 1046 auctorem
1523 991 1626 1047 tantae

206 1098 346 1168 levitatis
367 1098 401 1164 in
424 1096 579 1162 auxilium
605 1115 729 1160 vocare.
775 1090 860 1160 Nam
880 1094 975 1160 aedes
992 1091 1121 1159 Larium
1137 1094 1401 1160 Permarinorum
1424 1096 1480 1162 vix
1503 1087 1626 1163 decimo

210 1235 294 1284 anno
317 1221 392 1280 ante
413 1209 508 1278 Ennii
531 1209 653 1276 obitum
677 1209 819 1275 dedicata
843 1218 907 1283 cst,
945 1229 1010 1296 quo
1034 1219 1179 1296 tempore
1202 1211 1263 1275 iam
1286 1207 1400 1277 illusae
1423 1210 1564 1278 Graecae
1594 1213 1626 1278 in

213 1328 329 1415 agresti
351 1325 443 1392 Latio
467 1324 650 1392 habitabant
673 1335 862 1411 veteresque
886 1345 997 1390 versus
1021 1324 1170 1390 horridos
1193 1319 1388 1409 fugaverant.
1436 1325 1551 1413 Regilli
1569 1327 1628 1414 igi·

215 1455 266 1512 tur
287 1441 587 1527 tabulam-pedestri
610 1440 757 1506 oratione
780 1439 930 1527 scriptam
953 1439 1051 1506 inisse
1074 1439 1237 1526 probabile
1262 1451 1317 1506 cst.

374 1642 446 1705 11.
493 1641 648 1702 'rabula
671 1639 786 1700 Man·
811 1641 929 1702 actm
953 1641 1181 1702 Glabrionis
1206 1637 1264 1722 (a.
1287 1657 1326 1702 u.
1350 1638 1463 1719 552).

301 1785 357 1854 Μ’.
381 1785 502 1854 Acilius
526 1784 675 1860 Glabrio,
710 1786 821 1850 consul
843 1807 871 1852 a.
894 1807 927 1850 u.
952 1789 1035 1860 562,
1070 1805 1143 1851 cum
1174 1807 1251 1872 rege
1274 1782 1435 1852 Antiocho
1466 1787 1506 1852 ad
1529 1784 1629 1852 Ther-

213 1903 375 1992 mopylas,
410 1900 549 1968 nobilem
580 1901 675 1966 variis
704 1901 845 1968 cladibus
867 1901 990 1977 locum,
1022 1902 1066 1967 ita
1089 1899 1247 1977 condixit,
1282 1909 1319 1966 ut
1341 1911 1373 1966 et
1396 1923 1470 1968 cum
1494 1897 1629 1970 Graecia

213 2019 392 2104 expelleret
421 2028 451 2082 et
473 2015 607 2081 Aetolos
639 2015 765 2082 leroces
797 2015 979 2097 domenati)
1028 2017 1100 2098 Qua
1122 2017 1163 2082 de
1185 2037 1221 2082 re
1244 2013 1379 2082 feliciter
1401 2027 1490 2102 gesta
1512 2041 1540 2082 a.
1565 2023 1629 2084 563

214 2130 417 2218 magnificum
441 2131 635 2217 triumphum
659 2132 723 2217 egit
746 2131 785 2196 de
808 2129 932 2196 Aetolis
955 2142 986 2196 et
1009 2153 1086 2218 rege
1110 2130 1223 2222 Syriae
1247 2129 1444 2215 Antiochea)
1506 2131 1572 2199 Sed
1595 2135 1628 2198 in

215 2250 272 2314 illa
297 2267 401 2333 pugna
423 2246 534 2312 aedem
557 2255 688 2312 voverat
711 2247 935 2333 locaveratque
958 2269 998 2312 ex
1022 2257 1149 2312 senatus
1172 2247 1328 2312 consulto.
1374 2248 1447 2334 Ipse
1466 2269 1541 2314 vero
1566 2270 1629 2314 non

219 2362 395 2450 supervixit
424 2361 632 2436 dedicationi,
667 2384 751 2449 quae
778 2361 861 2429 lacta
890 2373 938 2427 est
968 2385 986 2428 a
1016 2361 1083 2428 lilio
1112 2363 1197 2436 eius,
1233 2359 1288 2426 Μ’.
1312 2359 1416 2430 Acilio
1440 2359 1630 2438 Glabrione,

219 2478 417 2554 duumviro,¹
432 2499 459 2544 a.
484 2478 586 2559 572³)
634 2474 711 2544 Erat
740 2478 794 2544 illa
815 2477 910 2544 aedes
933 2477 1064 2543 Pietatis
1087 2478 1120 2541 in
1143 2476 1216 2542 loro
1241 2473 1380 2543 Olitorio
1403 2487 1476 2544 ante
1504 2489 1630 2564 portam

218 2591 471 2666 Carmentalem,
506 2611 571 2679 quo
599 2591 673 2658 loco
695 2604 806 2679 postea
829 2591 995 2678 Angustus
1018 2593 1176 2658 theatrum
1200 2589 1344 2658 Marcelli
1366 2593 1427 2658 iam
1451 2615 1470 2658 a
1493 2592 1631 2660 Caesare

218 2709 399 2778 inchoatum
416 2706 613 2790 exstruxitd)
660 2706 813 2775 Tabulam
837 2730 909 2774 cum
934 2708 1026 2774 titulo
1050 2707 1187 2773 additam
1210 2727 1295 2782 csse,
1321 2727 1415 2773 nemo
1438 2709 1631 2795 scriptorum

221 2833 342 2898 canat,
377 2821 433 2890 sed
456 2833 590 2890 statuam
614 2831 773 2900 auruum,
808 2845 891 2911 quae
921 2824 1023 2909 prima
1051 2823 1192 2888 omnium
1223 2823 1257 2887 in
1280 2821 1369 2888 ltalia
1391 2834 1493 2890 statua
1522 2836 1633 2889 aurata

220 2937 275 3012 sit,
300 2939 385 3024 patri
401 2937 566 3006 Glabrioni
588 2937 687 3006 lilium
709 2939 854 3026 posuisse
868 2937 978 3004 Livius
1001 2937 1138 3004 tradidit.
1185 2935 1399 3004 Nihilominus
1421 2947 1526 3004 tamen
1548 2939 1632 3004 idem

218 3051 335 3121 Atilius
358 3052 623 3129 Fortunatianus,
647 3075 742 3139 quem
764 3053 828 3118 iam
850 3075 946 3139 supra
969 3053 1135 3139 insigniter
1156 3053 1398 3118 hallucinantem
1423 3047 1631 3140 deprehendi-

220 3189 310 3242 mus,
334 3168 517 3238 huiusmodi
540 3168 678 3236 tabulam
700 3167 798 3234 fnisse
821 3178 1019 3242 auctorest,
1045 3189 1086 3232 ex
1110 3189 1171 3254 qua
1187 3167 1270 3233 bunc
1286 3189 1413 3234 versum
1430 3166 1631 3248 Saturnium,

221 3285 248 3350 si
271 3285 423 3352 matricae
445 3293 567 3353 tuntum
590 3284 744 3350 rationem
767 3282 881 3359 hahes,
904 3303 968 3348 non
992 3283 1034 3348 ita
1056 3283 1137 3348 male
1160 3293 1336 3357 tornatum,
1361 3284 1468 3350 aliert:

531 3402 659 3472 Fundit,
681 3403 785 3483 supet,
806 3404 969 3482 praetacto
991 3404 1142 3464 mucimus
1166 3403 1300 3482 lopiano.

309 3513 377 3583 Sed
399 3514 461 3582 hoo
483 3515 574 3587 loco,
598 3515 625 3580 si
648 3527 710 3601 qua
733 3514 887 3584 dubitatio
911 3515 950 3579 de
973 3514 1034 3579 tide
1056 3511 1146 3580 Atilii
1169 3527 1381 3588 remanserat,
1418 3517 1548 3580 omnino
1573 3515 1633 3581 toi·

224 3630 305 3696 litor.
352 3627 439 3698 Num
469 3631 528 3698 elsi
564 3650 628 3696 non
658 3651 677 3694 a
708 3628 930 3714 probabilitate
959 3629 1124 3706 abhorret,
1157 3637 1278 3695 statuae
1302 3639 1429 3696 auratac
1453 3630 1632 3697 Glabrionis

222 3745 346 3810 titulum
375 3744 516 3810 additum
548 3765 633 3814 esse,
670 3743 757 3829 quod
792 3745 875 3810 idem
898 3745 931 3809 in
954 3746 1064 3810 statuis
1088 3745 1288 3830 equestribus
1312 3743 1348 3809 C.
1373 3742 1492 3811 Maeuii
1515 3769 1544 3812 a.
1567 3752 1632 3813 dl5

326 4037 350 4102 ¹)
387 4038 626 4103 uiv.36,15sq.

326 4125 351 4189 ²)
389 4127 531 4190 Triumphi
549 4127 585 4178 ad
602 4129 628 4177 b.
648 4141 681 4187 a;
700 4128 760 4180 biv.
778 4127 822 4190 31,
840 4127 883 4178 oo.

328 4211 349 4277 3)
385 4216 441 4266 Liv.
459 4215 513 4274 lto,
532 4215 576 4266 34.
613 4216 731 4266 Dubium
750 4229 809 4266 essa
828 4217 871 4266 vix
890 4221 993 4281 potest,
1023 4219 1089 4280 quin
1108 4217 1138 4267 G.
1158 4219 1181 4267 J.
1204 4218 1303 4267 Vcsrim
1328 4221 1473 4276 erraverit,
1499 4222 1544 4284 qni
1573 4221 1633 4272 Gla-

224 4305 348 4352 brionem
367 4303 585 4356 arortdnatiauo
604 4303 742 4356 unacum
761 4305 877 4356 eundem
894 4319 956 4356 assa
975 4305 1093 4356 credidit
1109 4319 1141 4355 ac
1155 4305 1184 4356 C·
1196 4307 1315 4356 Acilium
1330 4307 1523 4371 Glabrionem,
1542 4325 1635 4374 (pariesn

223 4398 311 4440 torem
330 4403 344 4439 a
364 4388 413 4440 551
434 4391 522 4452 Vara,
548 4393 687 4444 tribunum
706 4395 792 4457 plebis
812 4409 835 4446 a.
863 4394 931 4457 556,
960 4395 1037 4444 cuius
1057 4395 1198 4444 excubant
1223 4397 1333 4444 annales
1360 4395 1463 4446 Graece
1490 4401 1632 4462 scripti‚a

221 4479 335 4532 Claudio
355 4478 533 4542 Qiradrigario
553 4482 580 4530 in
598 4483 722 4532 Latinum
742 4497 895 4534 sermonem
914 4483 1044 4533 translati.
1083 4483 1122 4534 ct.
1151 4483 1180 4532 G.
1201 4485 1225 4531 J.
1248 4483 1307 4532 Voss
1330 4485 1362 4532 ds
1391 4485 1454 4534 hist.
1482 4499 1570 4548 graec.
1590 4489 1633 4538 ed.

225 4565 406 4622 Wsatcrmouo
423 4582 448 4631 p.
469 4567 528 4618 152
565 4570 635 4624 llum
652 4572 790 4636 aurigare
809 4573 927 4622 debebat
945 4585 994 4622 nac
1013 4585 1070 4621 rem
1089 4572 1116 4620 in
1136 4572 1240 4620 incerto
1259 4571 1413 4634 relinquere
1431 4573 1533 4624 Krousa
1554 4576 1634 4638 irgm.

224 4656 284 4706 hist.
303 4671 328 4720 p.
347 4657 390 4708 85.

328 4739 352 4805 l¹)
387 4747 484 4800 Fartus
502 4760 524 4798 s.
543 4760 569 4796 v.
589 4747 687 4800 Pietati
706 4763 732 4812 p.
753 4748 804 4801 rer
823 4749 960 4808 hindam.;
982 4747 1040 4798 val.
1058 4748 1128 4801 unx.
1149 4751 1174 4798 1.
1194 4747 1217 4797 5.
1238 4751 1269 4809 1;
1288 4749 1356 4797 Ptin.
1370 4751 1395 4812 7,
1409 4749 1457 4810 363
1479 4751 1552 4802 Suet.
1566 4755 1632 4815 Aug.

226 4828 280 4890 293
298 4829 390 4880 Becher
407 4833 475 4884 rom.
495 4833 611 4885 Alterth.
630 4837 650 4885 1.
670 4835 730 4885 coa.

1405 4930 1423 4988 3
