<?xml version="1.0" encoding="UTF-8"?>
<!DOCTYPE html PUBLIC "-//W3C//DTD XHTML 1.0 Transitional//EN"
    "http://www.w3.org/TR/xhtml1/DTD/xhtml1-transitional.dtd">
<html xmlns="http://www.w3.org/1999/xhtml" xml:lang="en" lang="en">
 <head>
  <title>
</title>
<meta http-equiv="Content-Type" content="text/html;charset=utf-8" />
  <meta name='ocr-system' content='tesseract 3.04.00' />
  <meta name='ocr-capabilities' content='ocr_page ocr_carea ocr_par ocr_line ocrx_word'/>
</head>
<body>
  <div class='ocr_page' id='page_1' title='image "./deinscriptionib00stregoog_0023.png"; bbox 0 0 3666 5544; ppageno 0'>
   <div class='ocr_carea' id='block_1_1' title="bbox 836 471 1051 529">
    <p class='ocr_par' dir='ltr' id='par_1_1' title="bbox 836 471 1051 529">
     <span class='ocr_line' id='line_1_1' title="bbox 836 471 1051 529; baseline 0.023 -22"><span class='ocrx_word' id='word_1_1' title='bbox 836 471 1051 529; x_wconf 59' lang='lat' dir='ltr'>„pg-</span> 
     </span>
    </p>
   </div>
   <div class='ocr_carea' id='block_1_2' title="bbox 226 631 1653 3378">
    <p class='ocr_par' dir='ltr' id='par_1_2' title="bbox 232 631 1653 826">
     <span class='ocr_line' id='line_1_2' title="bbox 232 631 1653 720; baseline 0.006 -25"><span class='ocrx_word' id='word_1_2' title='bbox 232 637 354 696; x_wconf 83' lang='lat' dir='ltr'>belrius</span> <span class='ocrx_word' id='word_1_3' title='bbox 380 632 460 696; x_wconf 88' lang='lat' dir='ltr'>enlm</span> <span class='ocrx_word' id='word_1_4' title='bbox 487 631 582 696; x_wconf 87' lang='lat' dir='ltr'>bosco</span> <span class='ocrx_word' id='word_1_5' title='bbox 607 652 715 696; x_wconf 88' lang='lat' dir='ltr'>versus</span> <span class='ocrx_word' id='word_1_6' title='bbox 751 632 912 717; x_wconf 78' lang='lat' dir='ltr'><strong>longiores</strong></span> <span class='ocrx_word' id='word_1_7' title='bbox 936 641 967 697; x_wconf 89' lang='lat' dir='ltr'>et</span> <span class='ocrx_word' id='word_1_8' title='bbox 991 632 1152 698; x_wconf 87' lang='lat' dir='ltr'>breviores</span> <span class='ocrx_word' id='word_1_9' title='bbox 1179 636 1402 720; x_wconf 81' lang='lat' dir='ltr'>nescioquas,</span> <span class='ocrx_word' id='word_1_10' title='bbox 1431 636 1571 702; x_wconf 76' lang='lat' dir='ltr'>admissis</span> <span class='ocrx_word' id='word_1_11' title='bbox 1587 639 1653 704; x_wconf 87' lang='lat' dir='ltr'>ior-</span> 
     </span>
     <span class='ocr_line' id='line_1_3' title="bbox 237 745 704 826; baseline 0 -16"><span class='ocrx_word' id='word_1_12' title='bbox 237 758 318 813; x_wconf 86' lang='lat' dir='ltr'>tasse</span> <span class='ocrx_word' id='word_1_13' title='bbox 343 745 482 826; x_wconf 84' lang='lat' dir='ltr'>llachiis‚</span> <span class='ocrx_word' id='word_1_14' title='bbox 506 747 579 820; x_wconf 87' lang='lat' dir='ltr'>inde</span> <span class='ocrx_word' id='word_1_15' title='bbox 604 747 704 811; x_wconf 89' lang='lat' dir='ltr'>eruit:</span> 
     </span>
    </p>

    <p class='ocr_par' dir='ltr' id='par_1_3' title="bbox 411 859 1216 948">
     <span class='ocr_line' id='line_1_4' title="bbox 411 859 1216 948; baseline 0.001 -21"><span class='ocrx_word' id='word_1_16' title='bbox 411 862 473 942; x_wconf 76' lang='lat' dir='ltr'>Qui</span> <span class='ocrx_word' id='word_1_17' title='bbox 498 862 619 948; x_wconf 77' lang='lat' dir='ltr'>apicem</span> <span class='ocrx_word' id='word_1_18' title='bbox 640 865 646 940; x_wconf 80' lang='lat' dir='ltr'>l</span> <span class='ocrx_word' id='word_1_19' title='bbox 665 862 788 948; x_wconf 79' lang='lat' dir='ltr'>insigne</span> <span class='ocrx_word' id='word_1_20' title='bbox 812 859 911 928; x_wconf 81' lang='lat' dir='ltr'>Diilis</span> <span class='ocrx_word' id='word_1_21' title='bbox 935 861 1070 928; x_wconf 75' lang='lat' dir='ltr'>litaminis</span> <span class='ocrx_word' id='word_1_22' title='bbox 1093 865 1216 948; x_wconf 76' lang='lat' dir='ltr'>gessisti</span> 
     </span>
    </p>

    <p class='ocr_par' dir='ltr' id='par_1_4' title="bbox 410 976 1072 1064">
     <span class='ocr_line' id='line_1_5' title="bbox 410 976 1072 1064; baseline 0.002 -22"><span class='ocrx_word' id='word_1_23' title='bbox 410 976 500 1042; x_wconf 84' lang='lat' dir='ltr'>lllors</span> <span class='ocrx_word' id='word_1_24' title='bbox 525 977 656 1064; x_wconf 78' lang='lat' dir='ltr'>perfecit</span> <span class='ocrx_word' id='word_1_25' title='bbox 681 987 733 1042; x_wconf 87' lang='lat' dir='ltr'>tua</span> <span class='ocrx_word' id='word_1_26' title='bbox 753 981 758 1060; x_wconf 82' lang='lat' dir='ltr'>l</span> <span class='ocrx_word' id='word_1_27' title='bbox 779 989 814 1043; x_wconf 92' lang='lat' dir='ltr'>ut</span> <span class='ocrx_word' id='word_1_28' title='bbox 838 981 943 1044; x_wconf 78' lang='lat' dir='ltr'>essent</span> <span class='ocrx_word' id='word_1_29' title='bbox 966 979 1072 1044; x_wconf 82' lang='lat' dir='ltr'>omnia</span> 
     </span>
    </p>

    <p class='ocr_par' dir='ltr' id='par_1_5' title="bbox 410 1091 1013 1180">
     <span class='ocr_line' id='line_1_6' title="bbox 410 1091 1013 1180; baseline 0.005 -25"><span class='ocrx_word' id='word_1_30' title='bbox 410 1091 540 1166; x_wconf 75' lang='lat' dir='ltr'>Brevia,</span> <span class='ocrx_word' id='word_1_31' title='bbox 567 1093 684 1164; x_wconf 90' lang='lat' dir='ltr'>bonos,</span> <span class='ocrx_word' id='word_1_32' title='bbox 711 1091 808 1172; x_wconf 87' lang='lat' dir='ltr'>lama,</span> <span class='ocrx_word' id='word_1_33' title='bbox 834 1093 1013 1180; x_wconf 80' lang='lat' dir='ltr'>virtusque,</span> 
     </span>
    </p>

    <p class='ocr_par' dir='ltr' id='par_1_6' title="bbox 410 1207 1001 1296">
     <span class='ocr_line' id='line_1_7' title="bbox 410 1207 1001 1296; baseline 0.003 -24"><span class='ocrx_word' id='word_1_34' title='bbox 410 1207 536 1280; x_wconf 80' lang='lat' dir='ltr'>Gloria,</span> <span class='ocrx_word' id='word_1_35' title='bbox 562 1219 657 1294; x_wconf 89' lang='lat' dir='ltr'>atque</span> <span class='ocrx_word' id='word_1_36' title='bbox 680 1209 861 1294; x_wconf 79' lang='lat' dir='ltr'>ingenium,</span> <span class='ocrx_word' id='word_1_37' title='bbox 886 1208 1001 1296; x_wconf 90' lang='lat' dir='ltr'>quibus</span> 
     </span>
    </p>

    <p class='ocr_par' dir='ltr' id='par_1_7' title="bbox 409 1321 1050 1408">
     <span class='ocr_line' id='line_1_8' title="bbox 409 1321 1050 1408; baseline 0 -20"><span class='ocrx_word' id='word_1_38' title='bbox 409 1321 444 1388; x_wconf 87' lang='lat' dir='ltr'>Si</span> <span class='ocrx_word' id='word_1_39' title='bbox 468 1325 499 1387; x_wconf 92' lang='lat' dir='ltr'>in</span> <span class='ocrx_word' id='word_1_40' title='bbox 524 1324 617 1408; x_wconf 79' lang='lat' dir='ltr'>longa</span> <span class='ocrx_word' id='word_1_41' title='bbox 641 1323 777 1389; x_wconf 79' lang='lat' dir='ltr'>licuisset</span> <span class='ocrx_word' id='word_1_42' title='bbox 801 1324 857 1389; x_wconf 88' lang='lat' dir='ltr'>tibi</span> <span class='ocrx_word' id='word_1_43' title='bbox 880 1325 965 1390; x_wconf 82' lang='lat' dir='ltr'>ulier</span> <span class='ocrx_word' id='word_1_44' title='bbox 988 1327 1050 1390; x_wconf 79' lang='lat' dir='ltr'>vita</span> 
     </span>
    </p>

    <p class='ocr_par' dir='ltr' id='par_1_8' title="bbox 410 1435 1187 1525">
     <span class='ocr_line' id='line_1_9' title="bbox 410 1435 1187 1525; baseline 0.001 -21"><span class='ocrx_word' id='word_1_45' title='bbox 410 1437 519 1504; x_wconf 77' lang='lat' dir='ltr'>Facile</span> <span class='ocrx_word' id='word_1_46' title='bbox 547 1439 634 1504; x_wconf 88' lang='lat' dir='ltr'>lactis</span> <span class='ocrx_word' id='word_1_47' title='bbox 658 1442 841 1525; x_wconf 75' lang='lat' dir='ltr'>superasses</span> <span class='ocrx_word' id='word_1_48' title='bbox 865 1435 998 1525; x_wconf 82' lang='lat' dir='ltr'>gloriam</span> <span class='ocrx_word' id='word_1_49' title='bbox 1021 1441 1187 1506; x_wconf 83' lang='lat' dir='ltr'>maiorum.</span> 
     </span>
    </p>

    <p class='ocr_par' dir='ltr' id='par_1_9' title="bbox 408 1554 1338 1644">
     <span class='ocr_line' id='line_1_10' title="bbox 408 1554 1338 1644; baseline 0.005 -24"><span class='ocrx_word' id='word_1_50' title='bbox 408 1555 516 1634; x_wconf 80' lang='lat' dir='ltr'>Quare</span> <span class='ocrx_word' id='word_1_51' title='bbox 540 1554 650 1620; x_wconf 77' lang='lat' dir='ltr'>liabens</span> <span class='ocrx_word' id='word_1_52' title='bbox 675 1567 705 1620; x_wconf 87' lang='lat' dir='ltr'>te</span> <span class='ocrx_word' id='word_1_53' title='bbox 728 1559 759 1619; x_wconf 94' lang='lat' dir='ltr'>in</span> <span class='ocrx_word' id='word_1_54' title='bbox 783 1555 939 1640; x_wconf 78' lang='lat' dir='ltr'>gremium</span> <span class='ocrx_word' id='word_1_55' title='bbox 965 1554 1075 1641; x_wconf 85' lang='lat' dir='ltr'>Scipio</span> <span class='ocrx_word' id='word_1_56' title='bbox 1097 1559 1213 1644; x_wconf 78' lang='lat' dir='ltr'>recipit</span> <span class='ocrx_word' id='word_1_57' title='bbox 1239 1563 1338 1632; x_wconf 77' lang='lat' dir='ltr'>terra,</span> 
     </span>
    </p>

    <p class='ocr_par' dir='ltr' id='par_1_10' title="bbox 411 1669 1062 1756">
     <span class='ocr_line' id='line_1_11' title="bbox 411 1669 1062 1756; baseline 0.002 -21"><span class='ocrx_word' id='word_1_58' title='bbox 411 1669 521 1742; x_wconf 83' lang='lat' dir='ltr'>Publi,</span> <span class='ocrx_word' id='word_1_59' title='bbox 548 1673 738 1756; x_wconf 77' lang='lat' dir='ltr'>prognatum</span> <span class='ocrx_word' id='word_1_60' title='bbox 763 1669 877 1737; x_wconf 84' lang='lat' dir='ltr'>Publio</span> <span class='ocrx_word' id='word_1_61' title='bbox 901 1669 1062 1738; x_wconf 81' lang='lat' dir='ltr'>Cornelio.</span> 
     </span>
    </p>

    <p class='ocr_par' dir='ltr' id='par_1_11' title="bbox 229 1787 1647 2216">
     <span class='ocr_line' id='line_1_12' title="bbox 318 1787 1644 1873; baseline 0.007 -22"><span class='ocrx_word' id='word_1_62' title='bbox 318 1791 348 1851; x_wconf 87' lang='lat' dir='ltr'>C.</span> <span class='ocrx_word' id='word_1_63' title='bbox 376 1791 411 1852; x_wconf 90' lang='lat'>0.</span> <span class='ocrx_word' id='word_1_64' title='bbox 435 1791 580 1854; x_wconf 76' lang='lat' dir='ltr'>Miillcrur</span> <span class='ocrx_word' id='word_1_65' title='bbox 602 1787 749 1870; x_wconf 85' lang='lat' dir='ltr'>antem,¹)</span> <span class='ocrx_word' id='word_1_66' title='bbox 782 1787 858 1873; x_wconf 89' lang='lat' dir='ltr'>qni,</span> <span class='ocrx_word' id='word_1_67' title='bbox 892 1797 927 1851; x_wconf 90' lang='lat' dir='ltr'>ut</span> <span class='ocrx_word' id='word_1_68' title='bbox 949 1787 1047 1873; x_wconf 91' lang='lat' dir='ltr'>ipsius</span> <span class='ocrx_word' id='word_1_69' title='bbox 1072 1788 1175 1853; x_wconf 85' lang='lat' dir='ltr'>verbis</span> <span class='ocrx_word' id='word_1_70' title='bbox 1199 1799 1285 1863; x_wconf 87' lang='lat' dir='ltr'>utar,</span> <span class='ocrx_word' id='word_1_71' title='bbox 1320 1789 1489 1857; x_wconf 84' lang='lat' dir='ltr'>admodum</span> <span class='ocrx_word' id='word_1_72' title='bbox 1517 1793 1644 1860; x_wconf 90' lang='lat' dir='ltr'>iuvenis</span> 
     </span>
     <span class='ocr_line' id='line_1_13' title="bbox 230 1901 1647 1999; baseline 0.003 -31"><span class='ocrx_word' id='word_1_73' title='bbox 230 1902 399 1968; x_wconf 88' lang='lat' dir='ltr'>Nicbnbrii</span> <span class='ocrx_word' id='word_1_74' title='bbox 422 1903 638 1988; x_wconf 86' lang='lat' dir='ltr'>praeceptoris</span> <span class='ocrx_word' id='word_1_75' title='bbox 673 1901 800 1968; x_wconf 87' lang='lat' dir='ltr'>decreta</span> <span class='ocrx_word' id='word_1_76' title='bbox 828 1903 860 1967; x_wconf 91' lang='lat' dir='ltr'>in</span> <span class='ocrx_word' id='word_1_77' title='bbox 883 1924 1013 1999; x_wconf 89' lang='lat' dir='ltr'>succum</span> <span class='ocrx_word' id='word_1_78' title='bbox 1040 1925 1075 1968; x_wconf 90' lang='lat' dir='ltr'>ac</span> <span class='ocrx_word' id='word_1_79' title='bbox 1105 1905 1289 1988; x_wconf 89' lang='lat' dir='ltr'>sanguinem</span> <span class='ocrx_word' id='word_1_80' title='bbox 1327 1919 1510 1991; x_wconf 79' lang='lat' dir='ltr'>receperat,</span> <span class='ocrx_word' id='word_1_81' title='bbox 1540 1908 1647 1992; x_wconf 85' lang='lat' dir='ltr'>paullo</span> 
     </span>
     <span class='ocr_line' id='line_1_14' title="bbox 229 2018 1645 2104; baseline 0.001 -19"><span class='ocrx_word' id='word_1_82' title='bbox 229 2020 405 2086; x_wconf 78' lang='lat' dir='ltr'>accuratius</span> <span class='ocrx_word' id='word_1_83' title='bbox 427 2018 467 2084; x_wconf 91' lang='lat' dir='ltr'>ad</span> <span class='ocrx_word' id='word_1_84' title='bbox 492 2019 654 2104; x_wconf 86' lang='lat' dir='ltr'>vulgarem</span> <span class='ocrx_word' id='word_1_85' title='bbox 678 2018 833 2082; x_wconf 89' lang='lat' dir='ltr'>rationem</span> <span class='ocrx_word' id='word_1_86' title='bbox 856 2018 1010 2083; x_wconf 90' lang='lat' dir='ltr'>accedens</span> <span class='ocrx_word' id='word_1_87' title='bbox 1032 2019 1270 2104; x_wconf 85' lang='lat' dir='ltr'>inscriptionem</span> <span class='ocrx_word' id='word_1_88' title='bbox 1293 2021 1336 2085; x_wconf 91' lang='lat' dir='ltr'>ita</span> <span class='ocrx_word' id='word_1_89' title='bbox 1359 2021 1557 2086; x_wconf 89' lang='lat' dir='ltr'>scribendam</span> <span class='ocrx_word' id='word_1_90' title='bbox 1574 2044 1645 2087; x_wconf 86' lang='lat' dir='ltr'>esse</span> 
     </span>
     <span class='ocr_line' id='line_1_15' title="bbox 229 2135 700 2216; baseline -0.004 -15"><span class='ocrx_word' id='word_1_91' title='bbox 229 2135 369 2201; x_wconf 88' lang='lat' dir='ltr'>censuit:</span> <span class='ocrx_word' id='word_1_92' title='bbox 698 2212 700 2216; x_wconf 23' lang='grc' dir='ltr'>Ι</span> 
     </span>
    </p>

    <p class='ocr_par' dir='ltr' id='par_1_12' title="bbox 402 2246 1274 2798">
     <span class='ocr_line' id='line_1_16' title="bbox 406 2246 1202 2336; baseline -0.003 -20"><span class='ocrx_word' id='word_1_93' title='bbox 406 2251 469 2332; x_wconf 82' lang='lat' dir='ltr'>Qui</span> <span class='ocrx_word' id='word_1_94' title='bbox 493 2250 615 2336; x_wconf 79' lang='lat' dir='ltr'>apicem</span> <span class='ocrx_word' id='word_1_95' title='bbox 640 2250 761 2334; x_wconf 80' lang='lat' dir='ltr'>insigne</span> <span class='ocrx_word' id='word_1_96' title='bbox 785 2246 885 2314; x_wconf 79' lang='lat' dir='ltr'>Dialis</span> <span class='ocrx_word' id='word_1_97' title='bbox 908 2249 1041 2315; x_wconf 88' lang='lat' dir='ltr'>ilaminis</span> <span class='ocrx_word' id='word_1_98' title='bbox 1064 2252 1202 2333; x_wconf 86' lang='lat' dir='ltr'>gessisti,</span> 
     </span>
     <span class='ocr_line' id='line_1_17' title="bbox 404 2365 1171 2452; baseline -0.001 -21"><span class='ocrx_word' id='word_1_99' title='bbox 404 2365 494 2444; x_wconf 82' lang='lat' dir='ltr'>lllors</span> <span class='ocrx_word' id='word_1_100' title='bbox 519 2365 650 2452; x_wconf 76' lang='lat' dir='ltr'>perfecit</span> <span class='ocrx_word' id='word_1_101' title='bbox 674 2376 726 2430; x_wconf 89' lang='lat' dir='ltr'>tua</span> <span class='ocrx_word' id='word_1_102' title='bbox 749 2374 784 2430; x_wconf 88' lang='lat' dir='ltr'>ut</span> <span class='ocrx_word' id='word_1_103' title='bbox 807 2369 911 2434; x_wconf 74' lang='lat' dir='ltr'>essent</span> <span class='ocrx_word' id='word_1_104' title='bbox 934 2366 1038 2430; x_wconf 83' lang='lat' dir='ltr'>omnia</span> <span class='ocrx_word' id='word_1_105' title='bbox 1064 2365 1171 2430; x_wconf 78' lang='lat' dir='ltr'>brevia</span> 
     </span>
     <span class='ocr_line' id='line_1_18' title="bbox 405 2480 1274 2568; baseline -0.003 -21"><span class='ocrx_word' id='word_1_106' title='bbox 405 2481 536 2555; x_wconf 83' lang='lat' dir='ltr'>Honos,</span> <span class='ocrx_word' id='word_1_107' title='bbox 560 2481 659 2554; x_wconf 88' lang='lat' dir='ltr'>lama,</span> <span class='ocrx_word' id='word_1_108' title='bbox 686 2481 849 2567; x_wconf 81' lang='lat' dir='ltr'>virtusque</span> <span class='ocrx_word' id='word_1_109' title='bbox 872 2480 973 2566; x_wconf 83' lang='lat' dir='ltr'>gldria</span> <span class='ocrx_word' id='word_1_110' title='bbox 996 2491 1092 2568; x_wconf 86' lang='lat' dir='ltr'>atque</span> <span class='ocrx_word' id='word_1_111' title='bbox 1114 2482 1274 2568; x_wconf 77' lang='lat' dir='ltr'>ingenium</span> 
     </span>
     <span class='ocr_line' id='line_1_19' title="bbox 405 2595 1228 2681; baseline -0.001 -17"><span class='ocrx_word' id='word_1_112' title='bbox 405 2596 529 2679; x_wconf 78' lang='lat' dir='ltr'>Quibus</span> <span class='ocrx_word' id='word_1_113' title='bbox 552 2597 579 2661; x_wconf 89' lang='lat' dir='ltr'>si</span> <span class='ocrx_word' id='word_1_114' title='bbox 601 2597 632 2661; x_wconf 89' lang='lat' dir='ltr'>iu</span> <span class='ocrx_word' id='word_1_115' title='bbox 659 2597 751 2681; x_wconf 85' lang='lat' dir='ltr'>longa</span> <span class='ocrx_word' id='word_1_116' title='bbox 775 2596 864 2670; x_wconf 89' lang='lat' dir='ltr'>licuis</span> <span class='ocrx_word' id='word_1_117' title='bbox 886 2599 890 2675; x_wconf 84' lang='lat' dir='ltr'>l</span> <span class='ocrx_word' id='word_1_118' title='bbox 910 2599 957 2662; x_wconf 76' lang='lat' dir='ltr'>sit</span> <span class='ocrx_word' id='word_1_119' title='bbox 981 2595 1037 2660; x_wconf 92' lang='lat' dir='ltr'>tibi</span> <span class='ocrx_word' id='word_1_120' title='bbox 1061 2597 1142 2664; x_wconf 87' lang='lat' dir='ltr'>utier</span> <span class='ocrx_word' id='word_1_121' title='bbox 1166 2601 1228 2663; x_wconf 87' lang='lat' dir='ltr'>rita</span> 
     </span>
     <span class='ocr_line' id='line_1_20' title="bbox 402 2711 1174 2798; baseline -0.001 -21"><span class='ocrx_word' id='word_1_122' title='bbox 402 2711 509 2778; x_wconf 89' lang='lat' dir='ltr'>Facile</span> <span class='ocrx_word' id='word_1_123' title='bbox 532 2711 621 2777; x_wconf 88' lang='lat' dir='ltr'>laetis</span> <span class='ocrx_word' id='word_1_124' title='bbox 645 2714 827 2798; x_wconf 75' lang='lat' dir='ltr'>superasses</span> <span class='ocrx_word' id='word_1_125' title='bbox 852 2712 985 2796; x_wconf 83' lang='lat' dir='ltr'>gloriam</span> <span class='ocrx_word' id='word_1_126' title='bbox 1009 2713 1174 2778; x_wconf 80' lang='lat' dir='ltr'>maiorum.</span> 
     </span>
    </p>

    <p class='ocr_par' dir='ltr' id='par_1_13' title="bbox 405 2825 1315 2912">
     <span class='ocr_line' id='line_1_21' title="bbox 405 2825 1315 2912; baseline 0.001 -19"><span class='ocrx_word' id='word_1_127' title='bbox 405 2828 513 2910; x_wconf 76' lang='lat' dir='ltr'>Quare</span> <span class='ocrx_word' id='word_1_128' title='bbox 537 2825 648 2892; x_wconf 91' lang='lat' dir='ltr'>lubens</span> <span class='ocrx_word' id='word_1_129' title='bbox 673 2839 703 2890; x_wconf 92' lang='lat' dir='ltr'>te</span> <span class='ocrx_word' id='word_1_130' title='bbox 725 2827 758 2890; x_wconf 92' lang='lat' dir='ltr'>in</span> <span class='ocrx_word' id='word_1_131' title='bbox 782 2827 938 2912; x_wconf 77' lang='lat' dir='ltr'>gremium</span> <span class='ocrx_word' id='word_1_132' title='bbox 962 2825 1072 2912; x_wconf 90' lang='lat' dir='ltr'>Scipio</span> <span class='ocrx_word' id='word_1_133' title='bbox 1095 2828 1207 2912; x_wconf 91' lang='lat' dir='ltr'>recipit</span> <span class='ocrx_word' id='word_1_134' title='bbox 1232 2832 1315 2894; x_wconf 77' lang='lat' dir='ltr'>terra</span> 
     </span>
    </p>

    <p class='ocr_par' dir='ltr' id='par_1_14' title="bbox 306 2940 1039 3028">
     <span class='ocr_line' id='line_1_22' title="bbox 306 2940 1039 3028; baseline -0.004 -20"><span class='ocrx_word' id='word_1_135' title='bbox 306 2980 307 2983; x_wconf 61' lang='lat'><em>=</em></span> <span class='ocrx_word' id='word_1_136' title='bbox 402 2941 497 3008; x_wconf 87' lang='lat' dir='ltr'>Publi</span> <span class='ocrx_word' id='word_1_137' title='bbox 521 2943 712 3028; x_wconf 78' lang='lat' dir='ltr'>prognatum</span> <span class='ocrx_word' id='word_1_138' title='bbox 737 2941 853 3013; x_wconf 82' lang='lat' dir='ltr'>Priblio</span> <span class='ocrx_word' id='word_1_139' title='bbox 877 2940 1039 3008; x_wconf 79' lang='lat' dir='ltr'>Cornelio.</span> 
     </span>
    </p>

    <p class='ocr_par' dir='ltr' id='par_1_15' title="bbox 226 3057 1643 3378">
     <span class='ocr_line' id='line_1_23' title="bbox 316 3057 1643 3146; baseline 0.001 -20"><span class='ocrx_word' id='word_1_140' title='bbox 316 3065 385 3142; x_wconf 65' lang='lat' dir='ltr'>ilua</span> <span class='ocrx_word' id='word_1_141' title='bbox 410 3059 537 3146; x_wconf 91' lang='lat' dir='ltr'>quidem</span> <span class='ocrx_word' id='word_1_142' title='bbox 560 3059 592 3122; x_wconf 93' lang='lat' dir='ltr'>in</span> <span class='ocrx_word' id='word_1_143' title='bbox 616 3079 651 3122; x_wconf 91' lang='lat' dir='ltr'>re</span> <span class='ocrx_word' id='word_1_144' title='bbox 676 3058 780 3123; x_wconf 89' lang='lat' dir='ltr'>bercle</span> <span class='ocrx_word' id='word_1_145' title='bbox 805 3057 982 3123; x_wconf 88' lang='lat' dir='ltr'>mirandum</span> <span class='ocrx_word' id='word_1_146' title='bbox 1006 3079 1069 3123; x_wconf 91' lang='lat' dir='ltr'>non</span> <span class='ocrx_word' id='word_1_147' title='bbox 1094 3069 1193 3130; x_wconf 87' lang='lat' dir='ltr'>esset,</span> <span class='ocrx_word' id='word_1_148' title='bbox 1226 3060 1252 3122; x_wconf 89' lang='lat' dir='ltr'>si</span> <span class='ocrx_word' id='word_1_149' title='bbox 1291 3059 1350 3124; x_wconf 90' lang='lat' dir='ltr'>viri</span> <span class='ocrx_word' id='word_1_150' title='bbox 1374 3059 1453 3124; x_wconf 85' lang='lat' dir='ltr'>adeo</span> <span class='ocrx_word' id='word_1_151' title='bbox 1476 3061 1508 3126; x_wconf 92' lang='lat' dir='ltr'>in</span> <span class='ocrx_word' id='word_1_152' title='bbox 1533 3061 1643 3128; x_wconf 86' lang='lat' dir='ltr'>litteris</span> 
     </span>
     <span class='ocr_line' id='line_1_24' title="bbox 227 3171 1643 3264; baseline -0.001 -20"><span class='ocrx_word' id='word_1_153' title='bbox 227 3192 257 3244; x_wconf 93' lang='lat' dir='ltr'>et</span> <span class='ocrx_word' id='word_1_154' title='bbox 292 3188 360 3243; x_wconf 87' lang='lat' dir='ltr'>arte</span> <span class='ocrx_word' id='word_1_155' title='bbox 390 3175 505 3245; x_wconf 83' lang='lat' dir='ltr'>versati</span> <span class='ocrx_word' id='word_1_156' title='bbox 528 3174 621 3238; x_wconf 89' lang='lat' dir='ltr'>etiam</span> <span class='ocrx_word' id='word_1_157' title='bbox 645 3173 794 3238; x_wconf 88' lang='lat' dir='ltr'>meliores</span> <span class='ocrx_word' id='word_1_158' title='bbox 825 3195 935 3238; x_wconf 89' lang='lat' dir='ltr'>versus</span> <span class='ocrx_word' id='word_1_159' title='bbox 967 3173 1123 3239; x_wconf 88' lang='lat' dir='ltr'>iecissent.</span> <span class='ocrx_word' id='word_1_160' title='bbox 1172 3171 1251 3240; x_wconf 90' lang='lat' dir='ltr'>illibi</span> <span class='ocrx_word' id='word_1_161' title='bbox 1283 3197 1358 3242; x_wconf 84' lang='lat' dir='ltr'>vero</span> <span class='ocrx_word' id='word_1_162' title='bbox 1390 3179 1484 3264; x_wconf 88' lang='lat' dir='ltr'>longe</span> <span class='ocrx_word' id='word_1_163' title='bbox 1519 3180 1643 3244; x_wconf 85' lang='lat' dir='ltr'>videtur</span> 
     </span>
     <span class='ocr_line' id='line_1_25' title="bbox 226 3286 1639 3378; baseline -0.004 -17"><span class='ocrx_word' id='word_1_164' title='bbox 226 3316 327 3361; x_wconf 87' lang='lat' dir='ltr'>secus.</span> <span class='ocrx_word' id='word_1_165' title='bbox 381 3292 418 3358; x_wconf 91' lang='lat' dir='ltr'>ln</span> <span class='ocrx_word' id='word_1_166' title='bbox 443 3292 499 3356; x_wconf 89' lang='lat' dir='ltr'>bac</span> <span class='ocrx_word' id='word_1_167' title='bbox 522 3291 605 3355; x_wconf 89' lang='lat' dir='ltr'>enim</span> <span class='ocrx_word' id='word_1_168' title='bbox 628 3289 833 3374; x_wconf 89' lang='lat' dir='ltr'>inscriptione</span> <span class='ocrx_word' id='word_1_169' title='bbox 856 3309 967 3354; x_wconf 79' lang='lat' dir='ltr'>versus</span> <span class='ocrx_word' id='word_1_170' title='bbox 991 3286 1159 3354; x_wconf 90' lang='lat' dir='ltr'>Saturnios</span> <span class='ocrx_word' id='word_1_171' title='bbox 1190 3291 1309 3366; x_wconf 87' lang='lat' dir='ltr'>inesse,</span> <span class='ocrx_word' id='word_1_172' title='bbox 1344 3293 1537 3378; x_wconf 87' lang='lat' dir='ltr'>persuadere</span> <span class='ocrx_word' id='word_1_173' title='bbox 1567 3293 1639 3358; x_wconf 90' lang='lat' dir='ltr'>mibi</span> 
     </span>
    </p>
   </div>
   <div class='ocr_carea' id='block_1_3' title="bbox 227 3403 1637 3496">
    <p class='ocr_par' dir='ltr' id='par_1_16' title="bbox 227 3403 1637 3496">
     <span class='ocr_line' id='line_1_26' title="bbox 227 3403 1637 3496; baseline -0.004 -20"><span class='ocrx_word' id='word_1_174' title='bbox 227 3433 290 3476; x_wconf 91' lang='lat' dir='ltr'>non</span> <span class='ocrx_word' id='word_1_175' title='bbox 314 3429 452 3496; x_wconf 88' lang='lat' dir='ltr'>possum.</span> <span class='ocrx_word' id='word_1_176' title='bbox 499 3403 598 3471; x_wconf 89' lang='lat' dir='ltr'>Nullo</span> <span class='ocrx_word' id='word_1_177' title='bbox 622 3404 804 3469; x_wconf 91' lang='lat' dir='ltr'>testimonio</span> <span class='ocrx_word' id='word_1_178' title='bbox 828 3404 859 3469; x_wconf 93' lang='lat' dir='ltr'>id</span> <span class='ocrx_word' id='word_1_179' title='bbox 882 3403 1104 3479; x_wconf 84' lang='lat' dir='ltr'>confirmatur,</span> <span class='ocrx_word' id='word_1_180' title='bbox 1134 3405 1222 3471; x_wconf 91' lang='lat' dir='ltr'>nullo</span> <span class='ocrx_word' id='word_1_181' title='bbox 1257 3406 1366 3492; x_wconf 87' lang='lat' dir='ltr'>lapidis</span> <span class='ocrx_word' id='word_1_182' title='bbox 1400 3409 1491 3493; x_wconf 90' lang='lat' dir='ltr'>signo</span> <span class='ocrx_word' id='word_1_183' title='bbox 1521 3407 1637 3471; x_wconf 84' lang='lat' dir='ltr'>indica-</span> 
     </span>
    </p>
   </div>
   <div class='ocr_carea' id='block_1_4' title="bbox 208 3503 1642 4414">
    <p class='ocr_par' dir='ltr' id='par_1_17' title="bbox 208 3503 1642 4414">
     <span class='ocr_line' id='line_1_27' title="bbox 227 3503 1639 3606; baseline -0.004 -16"><span class='ocrx_word' id='word_1_184' title='bbox 227 3525 314 3606; x_wconf 67' lang='lat' dir='ltr'>tunt)</span> <span class='ocrx_word' id='word_1_185' title='bbox 362 3522 472 3604; x_wconf 83' lang='lat' dir='ltr'>Quid‘l</span> <span class='ocrx_word' id='word_1_186' title='bbox 505 3518 541 3586; x_wconf 92' lang='lat' dir='ltr'>Si</span> <span class='ocrx_word' id='word_1_187' title='bbox 565 3503 646 3586; x_wconf 91' lang='lat' dir='ltr'>ultra</span> <span class='ocrx_word' id='word_1_188' title='bbox 669 3519 857 3606; x_wconf 86' lang='lat' dir='ltr'>progrediar</span> <span class='ocrx_word' id='word_1_189' title='bbox 872 3529 982 3606; x_wconf 89' lang='lat' dir='ltr'>atque,</span> <span class='ocrx_word' id='word_1_190' title='bbox 1007 3521 1159 3605; x_wconf 89' lang='lat' dir='ltr'>temporis</span> <span class='ocrx_word' id='word_1_191' title='bbox 1189 3531 1219 3586; x_wconf 91' lang='lat' dir='ltr'>et</span> <span class='ocrx_word' id='word_1_192' title='bbox 1234 3520 1368 3586; x_wconf 82' lang='lat' dir='ltr'>familiae</span> <span class='ocrx_word' id='word_1_193' title='bbox 1387 3523 1506 3590; x_wconf 86' lang='lat' dir='ltr'>ratione</span> <span class='ocrx_word' id='word_1_194' title='bbox 1524 3519 1639 3595; x_wconf 82' lang='lat' dir='ltr'>habita,</span> 
     </span>
     <span class='ocr_line' id='line_1_28' title="bbox 227 3634 1639 3721; baseline -0.004 -14"><span class='ocrx_word' id='word_1_195' title='bbox 227 3663 291 3707; x_wconf 92' lang='lat' dir='ltr'>non</span> <span class='ocrx_word' id='word_1_196' title='bbox 315 3639 417 3706; x_wconf 91' lang='lat' dir='ltr'>solum</span> <span class='ocrx_word' id='word_1_197' title='bbox 452 3638 572 3709; x_wconf 88' lang='lat' dir='ltr'>inesse,</span> <span class='ocrx_word' id='word_1_198' title='bbox 609 3657 718 3700; x_wconf 86' lang='lat' dir='ltr'>rerum</span> <span class='ocrx_word' id='word_1_199' title='bbox 755 3635 848 3700; x_wconf 91' lang='lat' dir='ltr'>etiam</span> <span class='ocrx_word' id='word_1_200' title='bbox 882 3634 985 3700; x_wconf 90' lang='lat' dir='ltr'>inesse</span> <span class='ocrx_word' id='word_1_201' title='bbox 1015 3655 1110 3721; x_wconf 91' lang='lat' dir='ltr'>posse</span> <span class='ocrx_word' id='word_1_202' title='bbox 1146 3637 1353 3720; x_wconf 65' lang='lat' dir='ltr'>negaverim?</span> <span class='ocrx_word' id='word_1_203' title='bbox 1396 3635 1639 3708; x_wconf 88' lang='lat' dir='ltr'>Consideretur,</span> 
     </span>
     <span class='ocr_line' id='line_1_29' title="bbox 208 3749 1641 3844; baseline -0.003 -23"><span class='ocrx_word' id='word_1_204' title='bbox 208 3776 368 3844; x_wconf 61' lang='lat' dir='ltr'>,quaeso‚</span> <span class='ocrx_word' id='word_1_205' title='bbox 410 3775 474 3840; x_wconf 88' lang='lat' dir='ltr'>quo</span> <span class='ocrx_word' id='word_1_206' title='bbox 511 3764 654 3837; x_wconf 86' lang='lat' dir='ltr'>tempore</span> <span class='ocrx_word' id='word_1_207' title='bbox 686 3751 822 3836; x_wconf 86' lang='lat' dir='ltr'>elogium</span> <span class='ocrx_word' id='word_1_208' title='bbox 857 3751 1008 3836; x_wconf 88' lang='lat' dir='ltr'>scriptum</span> <span class='ocrx_word' id='word_1_209' title='bbox 1043 3751 1091 3814; x_wconf 89' lang='lat' dir='ltr'>sit.</span> <span class='ocrx_word' id='word_1_210' title='bbox 1153 3749 1252 3818; x_wconf 88' lang='lat' dir='ltr'>Filius</span> <span class='ocrx_word' id='word_1_211' title='bbox 1285 3751 1367 3817; x_wconf 88' lang='lat' dir='ltr'>enim</span> <span class='ocrx_word' id='word_1_212' title='bbox 1402 3752 1559 3832; x_wconf 86' lang='lat' dir='ltr'>Africani,</span> <span class='ocrx_word' id='word_1_213' title='bbox 1588 3753 1641 3840; x_wconf 86' lang='lat' dir='ltr'>qni</span> 
     </span>
     <span class='ocr_line' id='line_1_30' title="bbox 227 3864 1642 3958; baseline -0.005 -20"><span class='ocrx_word' id='word_1_214' title='bbox 227 3895 283 3958; x_wconf 92' lang='lat' dir='ltr'>per</span> <span class='ocrx_word' id='word_1_215' title='bbox 315 3881 411 3936; x_wconf 88' lang='lat' dir='ltr'>totam</span> <span class='ocrx_word' id='word_1_216' title='bbox 444 3869 542 3932; x_wconf 85' lang='lat' dir='ltr'>vitam</span> <span class='ocrx_word' id='word_1_217' title='bbox 574 3865 697 3931; x_wconf 87' lang='lat' dir='ltr'>infirma</span> <span class='ocrx_word' id='word_1_218' title='bbox 733 3865 912 3931; x_wconf 84' lang='lat' dir='ltr'>valetudine</span> <span class='ocrx_word' id='word_1_219' title='bbox 945 3864 1111 3939; x_wconf 87' lang='lat' dir='ltr'>utebatur,</span> <span class='ocrx_word' id='word_1_220' title='bbox 1145 3888 1173 3930; x_wconf 90' lang='lat' dir='ltr'>a.</span> <span class='ocrx_word' id='word_1_221' title='bbox 1200 3871 1263 3932; x_wconf 75' lang='lat'>602</span> <span class='ocrx_word' id='word_1_222' title='bbox 1294 3889 1393 3933; x_wconf 91' lang='lat' dir='ltr'>unum</span> <span class='ocrx_word' id='word_1_223' title='bbox 1426 3889 1467 3932; x_wconf 87' lang='lat' dir='ltr'>ex</span> <span class='ocrx_word' id='word_1_224' title='bbox 1492 3881 1642 3954; x_wconf 89' lang='lat' dir='ltr'>quattuor</span> 
     </span>
     <span class='ocr_line' id='line_1_31' title="bbox 226 3981 1642 4069; baseline -0.006 -16"><span class='ocrx_word' id='word_1_225' title='bbox 226 3987 327 4053; x_wconf 89' lang='lat' dir='ltr'>Paulli</span> <span class='ocrx_word' id='word_1_226' title='bbox 361 3985 447 4054; x_wconf 90' lang='lat' dir='ltr'>liliis,</span> <span class='ocrx_word' id='word_1_227' title='bbox 478 3984 529 4049; x_wconf 87' lang='lat' dir='ltr'>cui</span> <span class='ocrx_word' id='word_1_228' title='bbox 566 3981 682 4047; x_wconf 92' lang='lat' dir='ltr'>Publio</span> <span class='ocrx_word' id='word_1_229' title='bbox 717 4001 847 4061; x_wconf 89' lang='lat' dir='ltr'>nomen,</span> <span class='ocrx_word' id='word_1_230' title='bbox 881 3981 1083 4047; x_wconf 89' lang='lat' dir='ltr'>tricenarium</span> <span class='ocrx_word' id='word_1_231' title='bbox 1115 3981 1182 4046; x_wconf 88' lang='lat' dir='ltr'>fere</span> <span class='ocrx_word' id='word_1_232' title='bbox 1206 3983 1375 4068; x_wconf 89' lang='lat' dir='ltr'>adoptavit.</span> <span class='ocrx_word' id='word_1_233' title='bbox 1423 3981 1535 4048; x_wconf 89' lang='lat' dir='ltr'>Paullo</span> <span class='ocrx_word' id='word_1_234' title='bbox 1570 3992 1642 4069; x_wconf 88' lang='lat' dir='ltr'>post</span> 
     </span>
     <span class='ocr_line' id='line_1_32' title="bbox 226 4095 1640 4186; baseline -0.005 -18"><span class='ocrx_word' id='word_1_235' title='bbox 226 4113 371 4168; x_wconf 91' lang='lat' dir='ltr'>mortuus</span> <span class='ocrx_word' id='word_1_236' title='bbox 396 4110 462 4172; x_wconf 90' lang='lat' dir='ltr'>est,</span> <span class='ocrx_word' id='word_1_237' title='bbox 488 4120 552 4186; x_wconf 89' lang='lat' dir='ltr'>quo</span> <span class='ocrx_word' id='word_1_238' title='bbox 576 4098 704 4184; x_wconf 88' lang='lat' dir='ltr'>quidem</span> <span class='ocrx_word' id='word_1_239' title='bbox 727 4119 828 4170; x_wconf 89' lang='lat' dir='ltr'>anno,</span> <span class='ocrx_word' id='word_1_240' title='bbox 852 4098 1036 4182; x_wconf 88' lang='lat' dir='ltr'>ignoratur,</span> <span class='ocrx_word' id='word_1_241' title='bbox 1061 4097 1116 4162; x_wconf 87' lang='lat' dir='ltr'>sed</span> <span class='ocrx_word' id='word_1_242' title='bbox 1141 4108 1289 4161; x_wconf 84' lang='lat' dir='ltr'>certeco</span> <span class='ocrx_word' id='word_1_243' title='bbox 1314 4110 1471 4182; x_wconf 82' lang='lat' dir='ltr'>ternpore,</span> <span class='ocrx_word' id='word_1_244' title='bbox 1498 4119 1562 4184; x_wconf 90' lang='lat' dir='ltr'>quo</span> <span class='ocrx_word' id='word_1_245' title='bbox 1580 4095 1640 4162; x_wconf 89' lang='lat' dir='ltr'>Sa-</span> 
     </span>
     <span class='ocr_line' id='line_1_33' title="bbox 228 4211 1640 4299; baseline -0.005 -15"><span class='ocrx_word' id='word_1_246' title='bbox 228 4219 405 4284; x_wconf 88' lang='lat' dir='ltr'>turniorum</span> <span class='ocrx_word' id='word_1_247' title='bbox 431 4237 505 4282; x_wconf 90' lang='lat' dir='ltr'>usus</span> <span class='ocrx_word' id='word_1_248' title='bbox 529 4211 653 4280; x_wconf 82' lang='lat' dir='ltr'>Romae</span> <span class='ocrx_word' id='word_1_249' title='bbox 676 4213 811 4278; x_wconf 87' lang='lat' dir='ltr'>abolitus</span> <span class='ocrx_word' id='word_1_250' title='bbox 836 4224 912 4278; x_wconf 88' lang='lat' dir='ltr'>erat.</span> <span class='ocrx_word' id='word_1_251' title='bbox 960 4212 1039 4294; x_wconf 78' lang='lat' dir='ltr'>Quis</span> <span class='ocrx_word' id='word_1_252' title='bbox 1070 4234 1169 4299; x_wconf 91' lang='lat' dir='ltr'>porro</span> <span class='ocrx_word' id='word_1_253' title='bbox 1203 4213 1388 4292; x_wconf 86' lang='lat' dir='ltr'>crediderit,</span> <span class='ocrx_word' id='word_1_254' title='bbox 1425 4222 1550 4298; x_wconf 85' lang='lat' dir='ltr'>poetam</span> <span class='ocrx_word' id='word_1_255' title='bbox 1580 4211 1640 4278; x_wconf 89' lang='lat' dir='ltr'>Sa-</span> 
     </span>
     <span class='ocr_line' id='line_1_34' title="bbox 229 4327 1642 4414; baseline -0.005 -15"><span class='ocrx_word' id='word_1_256' title='bbox 229 4335 342 4401; x_wconf 92' lang='lat' dir='ltr'>turniis</span> <span class='ocrx_word' id='word_1_257' title='bbox 366 4333 508 4400; x_wconf 89' lang='lat' dir='ltr'>versibus</span> <span class='ocrx_word' id='word_1_258' title='bbox 534 4354 606 4397; x_wconf 90' lang='lat' dir='ltr'>eum</span> <span class='ocrx_word' id='word_1_259' title='bbox 630 4329 869 4394; x_wconf 87' lang='lat' dir='ltr'>honestaturum</span> <span class='ocrx_word' id='word_1_260' title='bbox 895 4327 1007 4406; x_wconf 86' lang='lat' dir='ltr'>luisse,</span> <span class='ocrx_word' id='word_1_261' title='bbox 1034 4327 1123 4393; x_wconf 89' lang='lat' dir='ltr'>cuius</span> <span class='ocrx_word' id='word_1_262' title='bbox 1146 4328 1229 4414; x_wconf 91' lang='lat' dir='ltr'>patri</span> <span class='ocrx_word' id='word_1_263' title='bbox 1245 4349 1272 4392; x_wconf 88' lang='lat' dir='ltr'>a.</span> <span class='ocrx_word' id='word_1_264' title='bbox 1298 4333 1360 4393; x_wconf 82' lang='lat'>569</span> <span class='ocrx_word' id='word_1_265' title='bbox 1385 4328 1554 4394; x_wconf 90' lang='lat' dir='ltr'>demortuo</span> <span class='ocrx_word' id='word_1_266' title='bbox 1577 4327 1642 4392; x_wconf 76' lang='lat' dir='ltr'>En-</span> 
     </span>
    </p>
   </div>
   <div class='ocr_carea' id='block_1_5' title="bbox 227 4651 1636 4893">
    <p class='ocr_par' dir='ltr' id='par_1_18' title="bbox 227 4651 1636 4893">
     <span class='ocr_line' id='line_1_35' title="bbox 333 4651 1380 4718; baseline -0.006 -12"><span class='ocrx_word' id='word_1_267' title='bbox 333 4654 353 4718; x_wconf 87' lang='lat'>¹)</span> <span class='ocrx_word' id='word_1_268' title='bbox 391 4657 528 4706; x_wconf 80' lang='lat' dir='ltr'>llalliscbe</span> <span class='ocrx_word' id='word_1_269' title='bbox 547 4654 706 4718; x_wconf 88' lang='lat' dir='ltr'>allgemeine</span> <span class='ocrx_word' id='word_1_270' title='bbox 725 4653 1008 4716; x_wconf 85' lang='lat' dir='ltr'>Litteratnr·Zeitung</span> <span class='ocrx_word' id='word_1_271' title='bbox 1027 4653 1102 4706; x_wconf 76' lang='lat'>1829.</span> <span class='ocrx_word' id='word_1_272' title='bbox 1122 4652 1185 4702; x_wconf 89' lang='lat' dir='ltr'>Nro.</span> <span class='ocrx_word' id='word_1_273' title='bbox 1205 4651 1256 4700; x_wconf 76' lang='lat'>127</span> <span class='ocrx_word' id='word_1_274' title='bbox 1276 4666 1301 4715; x_wconf 93' lang='lat' dir='ltr'>p.</span> <span class='ocrx_word' id='word_1_275' title='bbox 1321 4651 1380 4700; x_wconf 75' lang='lat' dir='ltr'>37l.</span> 
     </span>
     <span class='ocr_line' id='line_1_36' title="bbox 331 4735 1636 4804; baseline -0.007 -8"><span class='ocrx_word' id='word_1_276' title='bbox 331 4741 350 4804; x_wconf 76' lang='lat'>²)</span> <span class='ocrx_word' id='word_1_277' title='bbox 388 4745 415 4797; x_wconf 84' lang='lat' dir='ltr'>C.</span> <span class='ocrx_word' id='word_1_278' title='bbox 436 4745 468 4794; x_wconf 89' lang='lat'>0.</span> <span class='ocrx_word' id='word_1_279' title='bbox 487 4745 586 4796; x_wconf 84' lang='lat' dir='ltr'>Miiller</span> <span class='ocrx_word' id='word_1_280' title='bbox 605 4744 621 4794; x_wconf 89' lang='lat' dir='ltr'>l.</span> <span class='ocrx_word' id='word_1_281' title='bbox 642 4757 680 4795; x_wconf 77' lang='lat' dir='ltr'>c:</span> <span class='ocrx_word' id='word_1_282' title='bbox 702 4744 788 4802; x_wconf 75' lang='lat' dir='ltr'>„Rea</span> <span class='ocrx_word' id='word_1_283' title='bbox 809 4743 946 4803; x_wconf 75' lang='lat' dir='ltr'>hemerio,</span> <span class='ocrx_word' id='word_1_284' title='bbox 967 4743 1029 4792; x_wconf 87' lang='lat' dir='ltr'>dass</span> <span class='ocrx_word' id='word_1_285' title='bbox 1048 4743 1092 4792; x_wconf 85' lang='lat' dir='ltr'>dle</span> <span class='ocrx_word' id='word_1_286' title='bbox 1111 4741 1200 4790; x_wconf 80' lang='lat' dir='ltr'>zellen</span> <span class='ocrx_word' id='word_1_287' title='bbox 1222 4741 1310 4790; x_wconf 87' lang='lat' dir='ltr'>dieser</span> <span class='ocrx_word' id='word_1_288' title='bbox 1328 4735 1458 4788; x_wconf 88' lang='lat' dir='ltr'>lnscbrlit</span> <span class='ocrx_word' id='word_1_289' title='bbox 1477 4737 1564 4800; x_wconf 86' lang='lat' dir='ltr'>ntcbt,</span> <span class='ocrx_word' id='word_1_290' title='bbox 1586 4737 1636 4787; x_wconf 87' lang='lat' dir='ltr'>wie</span> 
     </span>
     <span class='ocr_line' id='line_1_37' title="bbox 227 4831 946 4893; baseline -0.007 -10"><span class='ocrx_word' id='word_1_291' title='bbox 227 4837 268 4886; x_wconf 82' lang='lat' dir='ltr'>bet</span> <span class='ocrx_word' id='word_1_292' title='bbox 289 4839 339 4885; x_wconf 87' lang='lat' dir='ltr'>den</span> <span class='ocrx_word' id='word_1_293' title='bbox 360 4835 475 4893; x_wconf 88' lang='lat' dir='ltr'>andern,</span> <span class='ocrx_word' id='word_1_294' title='bbox 497 4833 754 4893; x_wconf 84' lang='lat' dir='ltr'>Versabtlreilungen</span> <span class='ocrx_word' id='word_1_295' title='bbox 774 4831 946 4882; x_wconf 74' lang='lat' dir='ltr'>vorstolleu.“</span> 
     </span>
    </p>
   </div>
   <div class='ocr_carea' id='block_1_6' title="bbox 0 0 1838 5544">
    <p class='ocr_par' dir='ltr' id='par_1_19' title="bbox 0 0 1838 5544">
     <span class='ocr_line' id='line_1_38' title="bbox 0 0 1838 5544; baseline 0 2"><span class='ocrx_word' id='word_1_296' title='bbox 0 0 1838 5544; x_wconf 95' lang='lat' dir='ltr'> </span> 
     </span>
    </p>
   </div>
  </div>
 </body>
</html>
