3666 5544
811 466 1027 528 ..15-

206 635 269 701 bati
293 633 434 718 elogium
457 629 605 718 rbytbmo
631 629 768 717 quodam
792 629 906 696 cadere
930 649 994 694 non
1017 629 1200 707 abnuerim,
1231 631 1341 698 sedin
1365 653 1404 697 so
1427 653 1539 698 versus
1563 630 1623 698 Sa-

208 749 328 816 turnios
351 749 456 812 inesse
478 745 611 832 proprie
634 743 749 819 dictos,
774 745 881 832 quales
905 743 1013 812 Liuius
1036 755 1068 811 et
1090 743 1232 814 Naevius
1257 747 1513 832 composuerint,
1538 749 1622 814 nulla

203 884 415 930 commoveor
436 861 561 927 rationo
583 871 620 925 ut
640 859 776 926 credam.

432 1095 475 1161 2·
520 1097 701 1172 lilogiuur
724 1095 794 1158 Cn·
819 1097 990 1162 cornelii
1015 1097 1212 1170 Scipionis
1234 1097 1397 1158 Asinae.

300 1233 451 1321 Sequitur
474 1231 533 1299 Cn.
560 1231 702 1300 Cornelii
726 1231 886 1320 Scipionis
909 1233 1043 1313 Asinae,
1067 1231 1195 1299 Barbati
1217 1233 1288 1309 filii,
1317 1233 1419 1316 (cons.
1444 1256 1471 1298 a.
1498 1257 1528 1300 u.
1553 1239 1617 1300 493

211 1349 305 1436 Cap,
329 1349 470 1414 defuncti
485 1349 570 1415 circa
584 1371 612 1415 a.
630 1348 706 1430 599)
722 1351 846 1426 titulus,
864 1349 948 1436 apud
965 1349 1121 1416 Orellinm
1131 1349 1152 1434 1)
1170 1349 1201 1413 iu
1218 1349 1302 1415 bunc
1315 1348 1447 1414 modum
1465 1351 1617 1437 scriptus:

472 1481 573 1530 uouc.
598 1483 687 1530 orno.
713 1483 898 1530 ruornvnru.
924 1483 1161 1532 cousuusrour.
1188 1483 1232 1528 n.
1253 1513 1285 1528 ..

469 1597 638 1645 nvouono.
665 1599 814 1646 orrvuo.
840 1601 947 1647 rursu.
972 1599 1051 1647 vrno

469 1713 607 1762 uvorou.
632 1715 795 1762 scrrrouu.
820 1715 926 1762 ricros
950 1716 1098 1762 naunnrr

468 1829 606 1876 cousou.
633 1826 772 1877 censor.
796 1831 929 1877 arnrurs.
957 1830 1026 1877 uic.
1051 1831 1149 1877 rvnr.
1174 1831 1197 1876 a
1219 1861 1251 1877 ..

466 1945 543 1991 unc.
568 1945 675 1992 curru.
700 1945 852 1992 cousins.
877 1946 1072 2002 auunrsovn
1098 1947 1182 1992 vnnn

469 2059 591 2106 bunun.
618 2061 904 2108 uuurusrnsruvs.
930 2061 1024 2107 arou.
1049 2061 1200 2108 uuuuro.

294 2153 387 2221 Hanc
410 2155 649 2242 inscriptionem
672 2153 870 2223 Niebuhrius
893 2157 1070 2223 accuratius
1094 2156 1216 2224 Orellio
1253 2159 1444 2224 conveniens
1467 2159 1498 2224 in
1522 2159 1618 2224 bosca

203 2291 315 2336 versus
338 2271 482 2356 redegit:

465 2383 564 2453 Hunc
586 2387 686 2454 dnum
710 2389 838 2476 plurimi
862 2389 1063 2455 consentiunt
1085 2385 1272 2474 Rlomani)

466 2499 659 2570 Duonbrum
683 2513 850 2590 optumum
873 2503 971 2568 fdissa
994 2505 1098 2570 virum

463 2617 600 2684 Lucium
625 2618 824 2706 Scipionem,
848 2619 951 2684 lilium
977 2617 1126 2694 Barbati,

465 2732 605 2814 Consul,
630 2731 768 2814 Censor,
794 2733 932 2810 Aedilis,
957 2736 1007 2802 bic
1029 2735 1089 2802 fuit
1111 2735 1196 2823 apird
1220 2757 1287 2802 vos.

465 2846 529 2914 llic
553 2850 636 2937 cepit
660 2848 823 2917 Corsicam
846 2851 851 2934 1
870 2849 1078 2938 Aleriamque
1101 2849 1230 2927 urbem,

468 2961 566 3030 Dedit
588 2965 827 3052 tempestdtibus
850 2965 961 3032 aedem
984 2965 1109 3032 merito.

289 3077 361 3160 Qua
385 3079 511 3165 quidem
536 3103 577 3146 ex
600 3103 636 3147 re
659 3061 871 3168 colligendum
896 3081 1039 3158 videtur,
1069 3077 1283 3147 Niebuhrium
1317 3081 1356 3146 ad
1380 3081 1476 3147 bosco
1504 3103 1613 3147 versus

204 3215 270 3258 uon
293 3202 430 3258 metrum
453 3191 660 3262 Bacchiacum
684 3195 880 3277 adhibuisse,
913 3197 969 3263 sed
993 3197 1092 3282 magis
1122 3197 1162 3262 ad
1186 3197 1349 3284 vulgarem
1383 3197 1538 3262 rationem
1561 3219 1614 3262 ac-

201 3327 342 3373 cessisse.

287 3419 431 3490 Maxime
454 3437 559 3492 autem
583 3425 788 3493 memorabile
811 3439 874 3508 est,
899 3428 986 3514 quod
1010 3425 1125 3494 Cicero
1137 3429 1159 3511 2)
1193 3429 1293 3495 simile
1324 3429 1483 3516 quoddam
1517 3449 1613 3495 exor-
1709 3437 1711 3442 ’

199 3535 287 3602 dium
310 3543 508 3606 monumenti
531 3541 571 3608 A.
595 3540 684 3608 Atilii
708 3541 858 3616 Calatini,
884 3543 1021 3610 consulis
1044 3567 1073 3610 a.
1097 3567 1129 3609 u.
1153 3549 1217 3610 495
1242 3553 1273 3610 et
1295 3549 1360 3610 499
1386 3543 1480 3631 Cap,
1515 3545 1613 3610 dicta·

199 3651 329 3717 torisa.
353 3659 436 3729 594,
469 3655 587 3731 laudat,
622 3657 726 3744 quod,
763 3657 940 3744 depravatis
975 3659 1137 3725 codicibus
1148 3657 1184 3743 ,3)
1222 3681 1240 3724 e
1274 3655 1433 3747 Scipionis
1463 3660 1554 3726 titulo
1576 3660 1610 3724 in

195 3765 280 3834 buue
304 3769 434 3837 modum
458 3772 637 3837 restitutum
663 3783 727 3838 est:
754 3769 882 3853 „Unum
905 3773 990 3840 bunc
1011 3775 1166 3862 plurimae
1184 3776 1387 3842 consentiunt
1403 3783 1529 3860 gentes,
1552 3795 1610 3860 po-

194 3881 260 3966 puli
283 3884 471 3970 primarium
494 3883 592 3950 fuisse
618 3887 751 3952 virum«
798 3886 922 3970 Quibus
945 3887 1051 3956 verbis
1075 3911 1151 3956 mox
1167 3889 1274 3956 addit:
1299 3903 1402 3956 cotum
1425 3904 1468 3956 est
1490 3913 1609 3955 carmen

193 4000 322 4063 incisum
343 4003 376 4064 ic
398 4003 569 4084 repulere}<
616 3999 764 4088 Elogium
795 4004 892 4088 igitur
925 4003 1040 4072 Cicero
1071 4027 1196 4072 carmen
1229 4007 1406 4092 appellavit.
1456 4005 1526 4086 Qua
1562 4014 1608 4070 ta·

193 4131 265 4177 men
289 4135 325 4178 re
348 4135 413 4180 non
437 4116 531 4181 velim
555 4116 675 4192 credas,
701 4139 772 4185 eum
798 4119 937 4186 eiusdem
961 4122 1086 4208 generis
1109 4122 1170 4187 boc
1193 4142 1320 4187 carmen
1338 4142 1375 4186 ac
1399 4131 1521 4187 veteres
1536 4119 1607 4186 illos

297 4395 321 4462 1)
358 4398 500 4453 lucsco.
535 4405 620 4469 Epper
639 4406 655 4456 l.
675 4421 697 4456 e.
717 4421 742 4470 p.
764 4407 818 4458 104
835 4413 862 4458 et
880 4422 946 4473 quos
965 4409 1057 4460 laudnt
1075 4415 1131 4460 not.
1155 4409 1179 4460 1.

296 4481 323 4556 ²)
360 4487 399 4537 De
418 4489 492 4541 finib.
510 4493 540 4556 2,
559 4495 593 4544 35
612 4495 638 4552 8.
659 4495 727 4554 116;
747 4495 812 4547 Cato
831 4497 866 4547 17
885 4497 910 4556 Β.
931 4497 974 4548 61.

294 4573 318 4641 ³)
355 4578 387 4628 lu
407 4572 501 4630 codice
521 4582 661 4633 basiliensi
687 4586 836 4635 membran.
863 4599 933 4636 saec.
962 4587 1030 4637 xiv.
1056 4587 1099 4641 (F.
1117 4588 1163 4637 ill.
1183 4586 1250 4650 35),
1279 4600 1332 4637 uon
1361 4585 1448 4644 malo,
1477 4586 1603 4635 distincte

193 4664 309 4729 scripto,
328 4667 405 4718 locus
426 4668 465 4718 sie
484 4670 627 4723 sehabet:
658 4677 781 4738 ›iquanta
806 4674 833 4723 in
852 4675 947 4724 Attilio
966 4675 1064 4725 Catilio
1084 4678 1120 4740 (,)
1140 4677 1167 4725 in
1193 4690 1273 4741 qnam
1300 4675 1365 4726 illud
1389 4675 1524 4738 eulogium
1543 4673 1601 4722 uni·

195 4760 255 4800 cum
273 4752 311 4816 (ε)
329 4757 461 4819 plurimae
480 4761 652 4811 consentiunt
671 4767 764 4824 gentas
782 4767 810 4813 et
828 4764 919 4826 populi
938 4764 1097 4826 primarium
1116 4763 1196 4815 dusse
1216 4766 1303 4814 virum
1326 4755 1364 4831 (.)
1385 4769 1478 4814 notum
1490 4767 1531 4812 est
1544 4774 1601 4810 car-

192 4849 254 4886 men
273 4851 330 4890 asse
348 4845 462 4897 incisum
482 4849 510 4898 iu
529 4849 681 4912 sepulcra«
