3666 5544
855 363 1069 424 ..50--

339 533 479 592 Atilius
509 533 833 593 fortunatianus.
994 525 1115 580 iusmodi
1134 525 1262 581 versibus
1280 527 1455 596 incidebant,
1474 530 1500 584 id
1521 533 1565 586 cst
1583 532 1638 586 sic:

287 624 298 650 ·'
1049 617 1174 667 Summas
1193 630 1258 680 opes
1277 619 1323 682 qui
1336 631 1433 682 regum
1446 621 1533 684 regist
1547 623 1666 688 refregit.

468 722 518 774 De
538 721 717 777 Saturnio,
1048 701 1142 757 Habet
1160 703 1361 774 anlem'prima
1379 709 1459 774 perte
1477 705 1616 762 iambicon
1629 709 1668 763 di-

997 787 1108 846 metroh
1128 790 1326 858 calaloclioon,
1353 792 1524 849 insecenda
1553 795 1670 852 trochai-

303 882 333 935 P.
360 880 438 935 2698.
485 879 615 935 Saturnio
639 884 728 934 metro
752 880 871 950 primum
895 880 924 934 in
996 894 1050 934 con
1069 880 1209 934 dimetron
1227 879 1531 950 brachycatalecticon,
1551 885 1624 954 quod
1641 889 1669 938 ct

250 971 329 1025 ltalia
349 970 408 1036 usi;
434 970 539 1024 dictum
559 972 687 1024 autema
706 967 837 1024 Saturnio
856 969 925 1024 urhe
996 966 1212 1037 ithyphaliienm
1231 968 1370 1036 diximus,
1390 972 1439 1023 ut:
1475 990 1481 1008 ⁴

250 1059 440 1114 vestutissima
458 1058 564 1114 ltaliae.
601 1057 655 1112 liic
673 1073 771 1113 versus
786 1058 925 1112 obscurus
1049 1055 1162 1111 Doleat
1178 1057 1279 1111 mom
1294 1056 1399 1113 Metelli
1415 1057 1521 1113 Noectc
1535 1066 1638 1129 poetae.

250 1148 418 1218 quibusdam
437 1147 563 1213 videtur,
589 1146 652 1217 quia
678 1146 785 1218 passim
803 1149 832 1201 et
857 1145 919 1200 sine
944 1201 949 1211 ,
1050 1141 1152 1200 Cetera
1185 1142 1233 1214 (so.
1252 1147 1353 1208 metra)
1379 1146 1533 1216 partimin
1556 1147 1671 1204 Horatio

250 1251 316 1291 cura
335 1251 369 1291 eo
389 1235 518 1290 homines
543 1235 709 1299 utebantur,
735 1237 859 1290 maxims
882 1237 923 1288 ta·
997 1247 1195 1302 recognosces,
1221 1233 1324 1303 partim
1341 1234 1372 1289 in
1390 1234 1549 1305 archetypis
1577 1240 1671 1292 anoto-

194 1313 197 1322 ’
252 1340 316 1379 men
336 1323 535 1394 triumphaturi
555 1323 584 1377 in
599 1322 735 1392 Capitolio
753 1321 863 1378 tabulas
876 1321 927 1376 hu·
997 1337 1060 1376 rum
1079 1321 1176 1388 iihris,
1195 1321 1270 1376 unde
1288 1320 1359 1379 haec
1378 1323 1578 1394 excerpsimus.

855 1539 1063 1550 ..η-...-

686 1699 986 1790 Terentianus
1026 1697 1229 1786 Maurus.

786 1927 833 1984 lle
853 1925 986 2046 {liureio
1009 1923 1143 1982 cuimine.

789 2075 911 2158 Aptum
933 2069 1060 2135 videtur
1083 2090 1153 2134 csse

782 2161 876 2228 Nunc
891 2157 961 2234 ¹hoc
985 2158 1058 2224 loco
1082 2180 1232 2235 monere,

786 2248 878 2328 Quae
902 2247 940 2312 sit
964 2245 1066 2334 figura
1095 2269 1226 2322 versus,

784 2335 890 2416 Quem
914 2335 1050 2401 credidit
1073 2345 1213 2402 vetustas

700 2485 703 2492 .
757 2427 760 2432 '
790 2425 958 2510 Tanquam
981 2423 1067 2490 ltalis
1091 2435 1252 2514 repertum

789 2513 974 2596 Saturnium
996 2511 1189 2581 vocandum.

786 2599 851 2667 Sed
874 2611 921 2666 cst
945 2601 1037 2689 origo
1062 2602 1185 2668 Graeca

785 2687 901 2776 illique
924 2699 1051 2756 metron
1072 2687 1158 2756 istud

788 2778 886 2846 Certo
910 2778 1008 2844 modo
1033 2779 1208 2854 dederunt;

667 2888 669 2893 ·
785 2865 962 2952 Nostrique
986 2889 1063 2934 mox
1086 2877 1203 2956 poetae

784 2955 909 3020 liudem
933 2977 1049 3021 sonum
1072 2955 1190 3029 secuti,

785 3045 827 3110 Ut
850 3065 998 3132 quaeque
1020 3066 1072 3110 res
1095 3041 1239 3118 ferebat,

787 3131 839 3199 Sic
863 3132 998 3220 disparis
1019 3131 1142 3222 figurae

783 3222 903 3289 Versus
927 3243 1025 3309 vagos
1049 3219 1211 3289 locabant.

785 3311 863 3376 Post
884 3311 1002 3377 rectius
1025 3309 1197 3400 probatum
1221 3323 1287 3384 est,

667 3397 674 3414 “
786 3400 827 3464 Ut
850 3399 914 3465 tale
937 3399 1032 3465 colon
1061 3409 1144 3466 esset

787 3489 935 3566 iunctum
958 3488 1060 3554 trihus
1084 3487 1262 3560 trochaeis,

503 3623 514 3648 s
615 3578 654 3642 Ut
676 3579 703 3642 si
725 3588 819 3644 ‚vocet
843 3575 999 3644 Camenas
1023 3578 1094 3664 quis
1119 3595 1236 3643 novem
1259 3593 1388 3639 sorores

611 3667 652 3729 Et
674 3667 794 3732 Naevio
818 3677 934 3752 poetae
957 3666 1003 3730 sic
1031 3665 1140 3732 ferunt
1160 3663 1321 3742 Metellos,

613 3752 693 3818 Cum
717 3775 814 3842 saepe
837 3753 1059 3830 laederentur,
1087 3775 1157 3819 esse
1181 3752 1416 3818 comminutos:

612 3847 732 3908 Dabunt
754 3848 867 3909 malum
889 3847 1000 3909 Metelli
1021 3847 1131 3911 Nactae
1154 3855 1266 3928 poetae.

615 3936 735 3996 Dohuot
758 3936 870 3998 molum
894 3927 1004 3998 Metelli
1027 3931 1143 4001 clauda
1165 3951 1241 4019 pars
1265 3927 1408 4002 dimetri;

787 4023 909 4086 Dubitat
931 4025 1042 4086 molum
1068 4024 1196 4094 Metelli,

789 4112 878 4185 Adest
902 4112 977 4173 celer
1000 4113 1160 4186 Pterelas,
1263 4172 1264 4175 ,

791 4201 994 4281 Memphitidos
1014 4201 1145 4280 puellae,

792 4290 913 4370 Tinctus
934 4290 1030 4350 colore
1052 4289 1158 4354 coctis.

617 4375 692 4438 Post
715 4379 825 4440 hucac
839 4387 947 4457 poetae
970 4383 1035 4439 tres
1058 4374 1146 4439 vides
1170 4373 1358 4446 trochaeos3

613 4462 694 4526 Nam
718 4463 761 4530 nil
785 4462 876 4528 ohest
911 4461 1081 4538 trochaeo,
1107 4461 1203 4549 louge
1227 4460 1315 4547 quod
1338 4483 1487 4548 suprema
1511 4468 1567 4522 est.
1624 4463 1643 4484 ⁹
