3666 5544
828 436 1042 496 -Μ,

544 600 704 668 Cornelio'
727 598 837 666 Inicio*
862 596 972 686 Scipio
999 598 1155 666 Barbatus

498 717 623 784 Gnairo
648 714 772 802 (patre)
796 717 972 802 prognata,
996 714 1086 784 iuriis
1111 718 1158 780 vir
1181 715 1386 802 sapiensque,

505 832 621 914 Quoin'
644 831 747 896 sdrma
771 831 879 896 virtuti
902 833 1078 916 parissuma
1101 829 1179 903 luit,

500 947 637 1021 Consril,
663 944 800 1020 Censor,
825 943 965 1020 Aedilis,
989 945 1043 1031 qui
1066 944 1126 1010 luit
1149 943 1232 1031 apud
1257 967 1330 1018 vos,

502 1061 705 1140 Taurinam,
731 1059 925 1135 Cesatinam,
949 1057 1082 1126 Samnio
1106 1060 1209 1145 cepit,

503 1175 628 1244 Subicit
651 1179 777 1242 omnem
800 1175 995 1250 Lucinaam,

500 1292 701 1379 Obsidesque
724 1291 862 1358 abducit.

325 1409 449 1496 Singuli
484 1430 594 1474 versus
628 1409 660 1472 iu
693 1428 807 1472 arcae
838 1403 1017 1472 Niebuhrio
1052 1407 1176 1474 lineolis
1208 1405 1355 1472 disiuncti
1391 1406 1560 1486 dicuntur;
1587 1419 1643 1476 est

235 1547 313 1593 vero
339 1526 393 1613 qni
417 1523 524 1590 fabros
547 1523 579 1589 in
603 1522 764 1589 versiculis
788 1521 990 1608 segregandis
1014 1543 1125 1608 parum
1150 1521 1313 1608 diligentes
1337 1520 1434 1588 luisse
1454 1525 1641 1610 querelari)

237 1640 335 1708 Certe
357 1639 528 1707 Niebuhrii
551 1660 661 1704 versus
684 1659 884 1724 nequaquam
909 1657 980 1704 cum
1010 1637 1128 1720 στίχοις
1157 1637 1242 1723 apud
1268 1635 1423 1703 Orellium
1454 1650 1644 1724 congruunt.

234 1738 308 1824 Utii
333 1759 435 1822 maior
457 1754 535 1820 fides
560 1765 608 1820 est
630 1752 798 1820 habenda?
831 1751 910 1820 Mihi
934 1752 1079 1839 quidem,
1105 1763 1140 1818 ut
1153 1753 1290 1838 ingenua
1304 1750 1421 1826 fatear,
1444 1750 1646 1820 Niebuhrius

234 1894 334 1939 esuo
357 1872 489 1958 ingenio
513 1880 544 1936 et
566 1868 722 1934 arbitratu
756 1879 894 1934 mutasse
925 1867 1066 1942 videtur,
1096 1878 1131 1934 ut
1164 1877 1366 1936 tetrametros
1397 1868 1471 1934 inde
1504 1867 1646 1934 efficeret

231 1987 422 2054 Bacchiacos
453 1994 660 2052 excurrentes
691 1985 724 2048 in
756 1985 863 2050 nescio
894 2005 974 2070 quos
1007 1983 1188 2052 decurtatos
1220 1984 1402 2050 versiculos.
1449 1983 1535 2060 Sed,
1567 2005 1646 2070 paee

232 2106 310 2170 tanti
332 2104 393 2168 viri
419 2102 572 2176 dixerim,
597 2100 669 2165 licet
692 2099 785 2164 metri
808 2097 972 2164 Bacchiaci
995 2119 1072 2163 usus
1095 2099 1198 2185 poetis
1219 2096 1370 2164 Romanis
1402 2099 1494 2166 valde
1517 2100 1644 2186 placue-

231 2222 274 2286 rit
296 2241 441 2306 ncquea
472 2218 580 2302 lingua
609 2213 735 2291 Latina,
770 2215 851 2281 sicut
880 2237 898 2278 a
929 2213 1066 2293 Graeca,
1101 2213 1317 2288 abhorruerit,
1350 2235 1511 2302 nunquam
1540 2225 1644 2279 tamen

230 2333 430 2420 largiendum
454 2342 519 2406 est,
555 2341 660 2396 tantae
683 2329 759 2395 artis
782 2340 920 2395 metrum
943 2330 1004 2395 iam
1032 2327 1115 2415 apud
1147 2339 1269 2394 veteres
1292 2327 1362 2394 illos
1382 2325 1548 2394 llomauos
1571 2331 1645 2394 sim-

230 2451 327 2537 plices
351 2459 382 2514 et
405 2446 502 2514 rudes
525 2447 558 2514 in
582 2468 641 2512 usu
665 2444 780 2524 luisse,
805 2445 859 2532 qui
884 2466 957 2510 sero
981 2454 1013 2510 et
1035 2455 1248 2531 repugnantes
1271 2444 1427 2530 poeticam
1442 2457 1643 2530 receperunt.

231 2563 277 2632 Ut
299 2565 403 2632 omnia
427 2562 575 2650 politiora
598 2569 717 2635 metra,
741 2560 784 2625 ita
806 2560 868 2626 hoc
892 2581 1020 2646 quoque
1042 2582 1061 2625 a
1084 2559 1214 2629 Graecis
1236 2567 1448 2646 acceperunt,
1483 2581 1500 2624 a
1525 2559 1643 2646 quilius

231 2681 352 2768 primus
378 2678 417 2760 Q.
442 2676 563 2744 Ennius
586 2677 647 2742 hoo
670 2697 769 2762 genus
793 2675 934 2761 repetiit,
965 2676 1055 2742 cuius
1084 2677 1177 2742 etiam
1205 2674 1310 2742 nobile
1325 2674 1563 2748 ,versiculorum
1587 2693 1644 2762 par

230 2805 333 2862 exstat
355 2817 395 2862 ex
419 2791 570 2860 Hectoris
592 2793 673 2880 lytra
696 2783 762 2858 sive
795 2791 929 2880 lystra.2)
978 2789 1109 2858 Etiamsi
1140 2791 1238 2878 igitur
1268 2799 1404 2858 metrum
1436 2787 1643 2862 Bacchiacum

230 2912 349 2999 optime
371 2931 444 2976 cum
468 2909 572 2994 elogio
596 2906 723 2973 Barbati
748 2907 934 2996 quadraret,
958 2907 1044 2994 quod
1059 2907 1090 2972 in
1106 2909 1229 2976 incerto
1246 2903 1463 2996 relinquimus,
1486 2923 1582 2976 nemo
1598 2919 1643 2974 ta-

231 3049 303 3092 men
338 3027 405 3092 eius
437 3024 562 3111 generis
594 3031 794 3089 tetrametros
828 3019 996 3088 Saturnios
1024 3023 1094 3088 iure
1125 3023 1231 3092 dicere
1258 3037 1383 3112 posset,
1415 3045 1473 3091 nec
1503 3045 1642 3113 uuquam

231 3142 321 3208 dixit.

318 3256 380 3330 At,
403 3257 430 3320 si
453 3277 518 3320 non
541 3276 582 3320 ex
604 3251 774 3320 Niebuhrii
796 3255 950 3320 sententia
974 3253 1115 3323 Saturnii
1146 3267 1284 3333 exeunt,
1314 3257 1449 3324 fortasse
1473 3279 1490 3324 e
1514 3258 1637 3344 vulgari

230 3373 508 3458 grammaticorum
531 3381 564 3436 et
587 3368 763 3436 Hermanui
785 3370 935 3434 ratione?
960 3407 999 3418 -
1023 3367 1217 3456 Experiatur
1239 3371 1365 3458 aliquis,
1395 3372 1500 3440 videat
1521 3381 1636 3460 quanto

230 3497 355 3554 eventu.
402 3485 557 3574 Equidem
581 3507 678 3552 uuum
704 3483 924 3550 tantummodo
941 3506 1067 3550 versum
1082 3486 1127 3552 illi
1142 3481 1276 3570 σχήματι
1292 3486 1360 3554 sine
1379 3489 1409 3554 vi
1431 3490 1531 3575 aptari
1547 3506 1637 3574 posse

231 3603 437 3676 crediderim,
461 3603 515 3689 qui
539 3611 587 3668 est
608 3601 690 3668 inira
712 3601 904 3686 adscriptus:
1097 3635 1105 3674 .

497 3716 634 3791 Consul,
668 3738 802 3790 censor,
826 3715 949 3790 aedilis,
975 3717 1028 3803 qui
1052 3715 1111 3782 luit
1134 3717 1216 3803 apud
1242 3739 1307 3784 vos.

318 3835 406 3900 Idem
430 3835 462 3899 in
491 3831 608 3898 Asinae
631 3833 722 3898 titulo
744 3832 909 3917 repetitur.
957 3829 1091 3896 Ceteros
1116 3832 1140 3897 si
1165 3833 1234 3919 quis
1258 3833 1296 3899 ad
1320 3844 1457 3899 metrum
1481 3830 1638 3918 quoddam

231 3949 399 4016 iambicum
424 3949 658 4014 trochaicumve
681 3967 834 4012 revocare
859 3946 950 4026 velit,
974 3947 1120 4034 equidem
1145 3967 1206 4013 non
1231 3969 1422 4034 repugnem,
1454 3945 1508 4012 sed
1533 3945 1639 4010 huius—

233 4065 355 4132 cemodi
379 4065 466 4131 lusus
489 4076 525 4130 ut
548 4085 608 4152 pro
632 4085 708 4129 vero
731 4083 862 4149 ponam,
886 4062 925 4128 ab
949 4063 1182 4160 eotplurimum
1206 4063 1325 4131 absum.
1362 4063 1436 4131 lloc
1451 4064 1548 4149 igitur
1563 4059 1639 4126 llar-

336 4275 359 4348 1)
396 4277 503 4327 Fiedler
533 4278 550 4325 Ι.
575 4291 598 4325 ο.
635 4277 675 4330 Gi.
699 4279 780 4328 etiam
808 4279 893 4340 quer
916 4277 991 4326 latini
1020 4279 1151 4328 sermonis
1178 4281 1332 4330 vetustioris
1363 4281 1493 4344 reliquiae
1524 4281 1639 4332 selectae

232 4363 432 4432 (surressit)
452 4381 476 4429 p.
496 4367 556 4417 100.
576 4373 629 4416 not.
648 4367 674 4418 5.

335 4451 356 4517 2)
394 4455 471 4517 Apud
490 4455 607 4506 Nonium
625 4469 646 4506 s.
666 4471 691 4506 v.
710 4455 816 4506 tumulti
835 4461 862 4504 et
880 4455 984 4518 strepiti
1004 4470 1029 4518 p.
1049 4454 1101 4506 ³³3
1121 4455 1195 4508 Gerl.
1214 4457 1247 4506 ab
1267 4457 1422 4508 Hermanno
1440 4460 1476 4508 ita
1490 4458 1637 4519 scriptum:

513 4544 582 4606 Quid
603 4545 653 4596 irdc
673 4545 718 4596 hic
737 4543 883 4594 elementer
920 4544 991 4606 Quid
1010 4542 1063 4594 hdo
1082 4545 1127 4594 hic
1146 4545 1252 4596 tumulti
1271 4551 1332 4598 est?

510 4633 615 4686 Nome'n
634 4636 679 4699 qui
698 4631 809 4697 usurprit
827 4638 935 4682 meumt
971 4631 1040 4694 Quid
1059 4632 1087 4682 in
1107 4635 1203 4684 castris
1222 4634 1328 4700 strepiti
1347 4640 1409 4686 ortt

336 4720 453 4770 Exordio
472 4721 568 4772 similis
586 4729 628 4773 eat
646 4724 768 4776 senarius
787 4722 858 4786 apud
876 4721 1001 4772 Plautum
1020 4722 1157 4772 triuumm.
1181 4718 1207 4774 i.
1226 4726 1251 4775 5.
1271 4725 1303 4774 l:

511 4809 582 4869 Quid
601 4814 653 4862 hoc
672 4813 716 4861 hic
736 4812 862 4860 clamoris
880 4810 961 4860 audio
980 4815 1042 4860 ante
1061 4810 1134 4860 aedis
1148 4819 1240 4868 meast
