3666 5544
858 431 1075 494 ‚ag-

258 606 371 674 natur,
395 597 483 684 quod
506 597 591 684 apud
613 595 799 664 Putscbium
812 597 833 681 ¹)
861 593 958 664 Marii
989 605 1045 662 cst.
1092 593 1245 664 Eiusdem
1269 593 1405 666 Maximi
1438 601 1489 666 vel
1510 597 1606 668 Marii
1635 604 1673 670 ii
1707 669 1711 678 ,

258 713 334 780 belli
357 712 397 778 de
420 713 623 798 grammatica
654 722 685 778 ct
716 712 826 778 metris
855 712 889 778 in
921 711 1031 778 codice
1061 711 1281 798 antiquissimo
1303 710 1461 784 Beruensi
1483 712 1565 784 Nro.
1591 721 1674 792 336.

261 829 409 914 neglecto
434 851 453 894 a
474 827 710 903 Lindemanno,
740 825 867 894 Scauro
890 827 1015 894 cuidam
1039 836 1071 892 et
1092 825 1233 896 Palladio
1256 827 1482 897 adscribuntur
1494 830 1530 913 ,2)
1565 831 1610 898 ita
1636 843 1678 900 ut
1704 811 1706 814 ⁵

258 965 323 1009 non
346 965 443 1030 parva
467 943 506 1008 de
528 944 590 1008 hoc
614 943 742 1008 nomine
773 941 972 1029 perturbatio
1003 943 1036 1007 in
1068 941 1232 1010 codicibus
1265 953 1297 1010 et
1327 943 1518 1012 editionibus
1549 945 1676 1012 existat.

259 1056 415 1126 Ulutres
438 1057 611 1134 sehabet,
647 1056 794 1144 equidem
825 1066 971 1124 nostrum
994 1054 1212 1132 Victorinum,
1245 1058 1301 1144 qui
1331 1058 1371 1124 de
1403 1079 1499 1126 versu
1514 1057 1679 1128 ¹Saturnio

258 1175 399 1262 scripsit,
435 1173 537 1240 donec
566 1173 705 1240 certiora
739 1173 871 1240 edoctus
903 1173 977 1247 sim,
1008 1169 1109 1240 Atilio
1138 1171 1369 1241 Fortunatiano
1404 1183 1437 1242 et
1471 1183 1618 1262 tompore
1646 1186 1679 1242 et

260 1289 406 1356 doctrina
428 1289 632 1356 antecessisse
656 1287 856 1356 crediderim.
902 1285 1017 1375 Itaque
1039 1286 1305 1355 Fortunatianum
1328 1309 1370 1358 ex
1393 1286 1579 1370 Victorino,
1610 1311 1676 1356 non

258 1404 457 1472 Victorinum
493 1426 535 1470 ex
565 1402 797 1472 Fortunatiano
828 1403 969 1502 hausisse
1002 1419 1127 1470 censeo.
1175 1403 1246 1484 Qua
1269 1403 1309 1470 de
1330 1425 1367 1470 re
1389 1415 1426 1470 ut
1454 1405 1676 1492 unusquisque

258 1521 412 1590 iudicium
446 1519 553 1614 iacere
587 1520 704 1606 possit,
740 1528 840 1606 utque
875 1540 945 1586 mea
978 1519 1135 1586 sententia
1158 1517 1198 1584 do
1219 1516 1453 1588 Fortunatiano
1477 1517 1677 1586 Victorinum

257 1636 299 1703 ad
321 1635 458 1702 verbum
482 1635 667 1704 excribcate
689 1633 870 1721 planissima
891 1633 965 1708 liat,
990 1655 1072 1720 quae
1094 1644 1231 1720 uterque
1253 1633 1293 1700 de
1308 1655 1404 1702 versu
1419 1631 1571 1703 Saturnio
1587 1655 1678 1720 prae-

259 1751 350 1838 cipit,
376 1773 394 1816 e
416 1751 548 1837 regione
571 1751 672 1838 posita
694 1749 777 1818 infra
798 1749 961 1836 adscripsi.

387 2125 542 2188 Marius
565 2119 809 2186 Victorinus.

409 2314 458 2370 De
478 2313 644 2372 Saturnia
663 2329 779 2370 versu.

314 2441 352 2496 Et
369 2440 503 2512 quoniam
521 2439 574 2494 suh
593 2439 742 2494 occasione
761 2452 860 2494 versus
881 2436 934 2492 hu-

259 2535 303 2588 ius
323 2545 355 2584 se
375 2527 542 2598 tempestiva
561 2527 647 2581 etiam
664 2527 744 2582 nobis
764 2526 819 2582 alia
834 2541 935 2596 sugge-

260 2621 297 2676 rit
314 2617 437 2690 species‚
456 2617 678 2671 consentaneum
704 2629 769 2669 reor
795 2613 847 2668 boc
872 2613 933 2668 loco

260 2711 354 2766 dicere
373 2708 408 2762 de
425 2709 526 2761 natura
544 2707 573 2758 et
597 2703 704 2772 origine
722 2703 804 2758 huius
823 2717 936 2765 versus,

260 2799 306 2855 cui
322 2797 415 2868 prisca
440 2794 514 2864 apud
539 2792 655 2848 Latinos
679 2797 773 2858 aetas,
799 2793 933 2862 tanquam

261 2888 332 2943 Italo
351 2889 381 2940 et
397 2883 564 2953 indigenae,
587 2879 719 2936 Saturnio
742 2881 802 2936 sive
827 2881 933 2936 Fannio

261 2990 365 3032 nomen
378 2973 468 3038 dedit,
484 2971 532 3025 aad
542 2969 686 3038 tolluntur3
704 2987 723 3024 a
736 2967 850 3026 Graecis
863 2971 934 3023 enim

260 3067 338 3121 carie
357 3069 382 3116 ct
392 3059 592 3129 multiformiter
604 3059 728 3113 inductus
741 3065 795 3120 ert,
812 3075 861 3112 nee
873 3065 934 3112 tan-

261 3165 316 3212 turn
335 3170 353 3208 a
366 3151 490 3216 comicie,
509 3149 558 3203 red
571 3150 653 3204 etiam
666 3164 684 3202 a
696 3149 817 3218 tragicis·
839 3147 935 3204 Nostri

261 3242 366 3314 antiqui
383 3241 427 3294 usi
454 3245 515 3292 sunt
541 3253 574 3292 ea
598 3236 628 3302 (i.
648 3241 692 3306 aa)
714 3252 769 3292 nan
792 3237 935 3292 obarmata

263 3333 318 3405 lege
335 3347 384 3386 nec
401 3344 455 3383 uno
475 3341 570 3399 genere
584 3327 730 3392 custodito,
749 3325 797 3379 aad
808 3332 935 3395 praetcr-

260 3437 342 3493 qnam
359 3419 431 3490 quad
451 3415 610 3471 durissimos
629 3416 755 3483 tranunt,
770 3415 850 3469 etiarn
864 3413 934 3469 altos

258 3511 363 3581 longas,
381 3507 451 3563 aliar
470 3505 606 3560 breuiores
617 3505 802 3571 internosces,
821 3517 935 3574 quosaam

262 3607 299 3656 eal
317 3600 382 3654 hic:

264 3687 364 3742 Turdis
380 3681 508 3738 edacibus
526 3681 602 3736 dolos
620 3696 763 3752 comparas
782 3681 875 3736 amice.

313 3775 404 3828 Item:

261 3863 364 3918 Ferant
372 3862 486 3932 pulcros
500 3865 634 3914 creturae
647 3868 797 3928 carrasque
815 3843 934 3926 lapistus.

314 3951 352 4006 Et
370 3951 444 4021 apud
462 3948 616 4006 Naevium:

261 4041 364 4097 Nouem
382 4039 457 4094 locis
480 4039 626 4092 concordes
641 4037 715 4104 filiae
732 4051 846 4090 sorores.

315 4125 434 4182 Videtur
445 4129 540 4180 tamen
553 4141 569 4180 e
580 4126 699 4180 duorum
708 4140 839 4180 versuum
850 4139 937 4178 mem·

262 4217 319 4272 bris
332 4215 514 4286 compositus,
533 4213 646 4268 dimetri
659 4217 688 4268 et
702 4213 839 4284 quadrati.
864 4208 936 4265 Con-

262 4307 318 4359 stat
337 4308 433 4359 autem
450 4301 569 4373 pedihus
581 4315 632 4354 sex
645 4303 674 4354 et
685 4299 836 4370 semipede.
862 4299 935 4354 Nam

262 4394 366 4463 primos
386 4396 442 4448 tres
460 4392 548 4461 pedes
567 4391 597 4444 et
613 4389 785 4458 semipedem
803 4389 888 4444 hahet
900 4404 935 4444 cx

367 4622 387 4682 ¹)
405 4622 434 4671 P.
454 4623 535 4675 1938.

1094 2125 1236 2186 Atilius
1261 2123 1587 2186 Fortunatianus.

1153 2312 1201 2368 De
1221 2311 1396 2368 Saturnio
1415 2327 1530 2368 versu.

1057 2435 1100 2492 De
1114 2435 1244 2492 Saturnia
1257 2452 1342 2492 versu
1356 2435 1575 2504 dicendumst,
1595 2452 1677 2508 quem

1004 2525 1092 2580 nostri
1111 2525 1345 2581 existimaverunt
1362 2524 1506 2596 proprium
1524 2540 1589 2580 esse
1607 2525 1680 2579 ltali-

1005 2627 1055 2668 cac
1068 2615 1205 2683 regionis,
1224 2614 1272 2667 sed
1285 2613 1462 2681 sallectano
1480 2611 1593 2669 Graecis
1608 2616 1678 2668 enim

1004 2704 1082 2756 carie
1108 2709 1133 2757 et
1156 2702 1247 2757 mulir
1272 2703 1363 2757 morlia
1389 2707 1520 2756 tractatus
1545 2709 1601 2766 ert,
1627 2719 1680 2756 non

1004 2791 1092 2846 solum
1103 2793 1258 2858 conculcta,
1275 2792 1324 2846 aad
1336 2792 1418 2846 etiarn
1437 2807 1455 2846 a
1474 2791 1597 2860 tragicis.
1622 2791 1680 2848 No-

1005 2881 1056 2936 stri
1078 2887 1166 2935 autern
1181 2881 1286 2952 antiqui
1305 2879 1346 2948 (ut
1358 2896 1420 2934 aere
1433 2881 1532 2947 dicam,
1545 2881 1619 2950 quod
1632 2897 1681 2950 ap-

1002 2973 1094 3038 paret)
1119 2969 1163 3024 usi
1177 2975 1238 3024 sunl
1254 2986 1284 3022 co
1302 2985 1356 3023 non
1374 2967 1519 3022 cicercula
1539 2967 1613 3038 lege,
1632 2985 1680 3022 nea

1003 3070 1057 3112 uno
1078 3073 1173 3128 genem
1199 3057 1330 3112 custodito
1354 3057 1426 3110 inter
1448 3071 1476 3110 ae
1498 3070 1610 3126 carue,
1632 3059 1679 3111 sed

1000 3153 1196 3216 praeterquam
1203 3147 1445 3216 quodduriaaimas
1455 3146 1580 3214 fecerunt,
1598 3147 1678 3202 etiarn

1004 3235 1074 3290 alios
1091 3236 1240 3302 breviores,
1262 3235 1332 3290 alios
1350 3235 1483 3304 longiores
1501 3237 1677 3300 inseruerunt,

1005 3328 1035 3378 ut
1063 3326 1111 3379 vix
1138 3323 1292 3378 invenerim
1317 3321 1391 3392 apud
1418 3319 1572 3388 Naevium,
1609 3338 1678 3392 quos

1004 3426 1055 3484 pro
1074 3413 1203 3482 exemplo
1227 3423 1371 3482 ponerem.
1408 3413 1490 3482 Apud
1516 3409 1675 3478 Euripidem

1003 3507 1034 3557 et
1050 3500 1252 3558 Callimachum
1272 3499 1367 3557 inveni
1385 3501 1441 3555 tale
1460 3515 1562 3570 genus:

1061 3591 1161 3646 Turdis
1179 3589 1308 3646 edacibus
1326 3588 1403 3644 dolos
1426 3605 1569 3660 comparas
1586 3588 1678 3642 amice.

1058 3681 1141 3750 Apud
1159 3677 1360 3734 Archilochum
1380 3678 1452 3734 tale:

1061 3777 1131 3822 Quem
1145 3788 1189 3818 non
1203 3776 1295 3817 rationis
1309 3775 1410 3828 egentem
1424 3773 1478 3817 vicit
1492 3773 1642 3817 Archimedes.

1058 3857 1095 3910 Et
1114 3857 1227 3912 tertium
1246 3869 1352 3925 genusr

1060 3953 1167 3998 Consulto
1181 3953 1282 4008 producit
1296 3963 1345 3996 eum
1358 3963 1402 4004 quo
1415 3951 1446 3992 sit
1459 3950 1613 4004 impulerunt.

1059 4034 1142 4104 Apud
1154 4039 1264 4088 nostros
1278 4035 1373 4086 autem
1386 4030 1415 4082 in
1428 4027 1527 4082 tabulis
1547 4029 1677 4098 antiquis,

1007 4137 1076 4192 quas
1096 4117 1288 4192 triumphaturi
1301 4121 1385 4172 duces
1405 4117 1433 4170 in
1453 4111 1589 4184 Capitolio
1611 4117 1678 4184 lige-

1006 4211 1088 4276 bam,
1117 4209 1305 4278 victoriaeque
1332 4219 1401 4260 suae
1430 4203 1542 4258 titulum
1575 4201 1672 4256 Satur-

1006 4298 1060 4352 niis
1095 4298 1222 4352 versibus
1250 4293 1507 4366 prosequebantur,
1536 4291 1602 4346 talia
1634 4305 1676 4343 re-

1007 4387 1066 4457 peri
1085 4387 1226 4455 exempla3
1252 4399 1287 4438 ex
1305 4381 1406 4451 Regilli
1426 4381 1536 4438 tabula:

365 4709 385 4772 ²)
423 4712 511 4763 Codex
530 4711 694 4774 singularem
713 4711 783 4759 banc
801 4710 911 4760 exhibet
929 4699 1156 4772 inscriptionem:
1176 4706 1267 4768 incipit
1285 4705 1397 4757 Audacia
1415 4705 1446 4753 da
1464 4701 1555 4751 Scauri
1574 4705 1598 4749 et
1618 4697 1675 4747 Pal·

260 4804 323 4852 ladii
340 4801 411 4851 lllrria
428 4807 552 4864 aucerpta
569 4813 619 4863 par
635 4797 865 4860 interrogationem
882 4804 907 4846 at
923 4799 1121 4860 respersionem.
1159 4794 1200 4844 Gi.
1218 4793 1326 4844 Sinnari
1354 4793 1469 4856 catalog.
1497 4791 1517 4841 l.
1536 4787 1588 4842 orl
1618 4801 1676 4850 sqq.
