3666 5544
799 447 1011 508 -2g.-

209 617 281 690 post
306 605 399 672 Ennii
422 619 555 674 aetatem
581 609 773 694 epigramma
798 609 956 676 Graecum
986 631 1079 675 nemo
1108 611 1140 674 in
1166 608 1351 690 Saturnios,
1386 612 1441 677 sed
1469 612 1500 676 in
1525 610 1623 697 elegi·

209 721 296 788 dium
321 723 538 788 transtulisset.

301 837 396 904 Omni
420 838 641 924 probabilitate
665 839 804 927 denique
828 853 936 916 earet,
961 839 1046 927 quod
1074 839 1254 908 Diintzerus
1277 841 1431 914 coniecit,
1456 839 1623 929 Pyrrhum

210 964 376 1018 versus·et
399 951 539 1019 Graecos
573 965 602 1018 et
632 953 764 1020 Latinos
795 955 913 1041 templo
943 957 1212 1042 superscripsisse.
1260 955 1331 1038 Qua
1360 956 1399 1022 de
1429 963 1544 1022 causat
1581 955 1626 1022 Ut

209 1068 241 1132 in
271 1067 351 1133 urbe
375 1068 496 1134 Graeca
527 1091 561 1134 se
590 1091 692 1156 prope
725 1071 841 1134 victum
874 1071 968 1135 etiam
991 1069 1101 1136 Latine
1124 1071 1320 1157 praedicaret
1350 1071 1477 1157 liugua‘l
1516 1071 1626 1153 Quid?

210 1181 340 1268 Epirota
367 1183 505 1249 bostium
529 1184 635 1269 lingua
659 1205 735 1249 usus
759 1195 857 1264 esset,
892 1207 974 1272 qnae
995 1185 1114 1272 pingue
1137 1186 1297 1273 quoddam
1320 1197 1351 1252 et
1373 1185 1544 1252 barbarum
1567 1208 1622 1251 so-

210 1319 287 1362 nere
315 1297 479 1363 videbatur
503 1295 697 1374 Tarentinis,
722 1299 922 1365 Postumium
945 1301 1063 1366 scilicet
1086 1299 1264 1368 Romanum
1288 1301 1427 1387 legatum
1446 1301 1570 1368 Graece
1594 1311 1626 1366 et

209 1409 320 1476 vitiose
351 1412 478 1499 quidem
504 1414 682 1500 loquentem
707 1415 814 1499 paullo
836 1427 909 1501 post
933 1415 1197 1502 explodentibust
1226 1416 1309 1483 Octo
1332 1419 1415 1482 enim
1438 1418 1527 1483 annis
1551 1429 1625 1503 post

211 1539 299 1592 satur
328 1538 358 1592 et
381 1527 506 1594 imbelle
529 1526 702 1594 Tarentum
725 1527 945 1596 Romanorum
970 1530 1179 1605 factumest,
1211 1532 1265 1618 qui
1290 1533 1498 1598 contumelias
1526 1533 1558 1597 in
1582 1515 1628 1598 le-

212 1654 319 1727 gatum
345 1643 442 1709 editas
465 1645 604 1728 graviter
627 1645 683 1709 ulti
708 1644 820 1711 urbem
845 1647 875 1710 vi
893 1658 1015 1733 captam
1032 1647 1226 1712 ornamentis
1242 1647 1440 1732 pulcerrimis
1456 1659 1626 1714 exueruut.

423 1843 467 1908 v·
514 1844 704 1906 columna
726 1847 905 1906 rostrata
928 1844 970 1906 c·
995 1845 1114 1906 Dutitt
1140 1842 1197 1924 (a.
1221 1861 1259 1908 u.
1283 1843 1408 1926 498).

301 1989 337 2054 C.
373 1987 514 2066 Duilius,
548 1991 601 2076 qui
648 1991 768 2076 primus
797 1989 959 2058 Romanos
990 1989 1107 2056 bellum
1136 1993 1246 2058 navale
1274 1992 1382 2058 docuit
1411 2003 1443 2058 et
1475 1993 1628 2058 adversus

219 2103 493 2190 Carthaginienses
509 2106 612 2191 primo
627 2104 710 2171 bello
726 2105 851 2172 Punico
872 2127 1026 2192 prospere
1041 2107 1209 2192 pugnavit,
1233 2127 1359 2173 summo
1374 2107 1497 2174 bonore
1513 2107 1627 2193 dignus

153 2223 156 2226 ’
217 2219 394 2286 videbatur.
441 2220 553 2306 Itaque
577 2241 640 2285 nou
663 2222 765 2285 solum
789 2222 911 2307 primus
934 2222 1077 2286 navalem
1101 2221 1294 2306 triumphum
1319 2224 1427 2309 egit,¹)
1452 2223 1505 2288 sed
1530 2224 1628 2288 etiam

215 2337 339 2421 privato
363 2336 392 2400 ei
415 2357 487 2402 cum
511 2337 677 2422 singularis
702 2337 803 2401 bonos
828 2336 996 2420 habitus,²)
1032 2347 1098 2400 tum
1123 2337 1216 2402 etiam
1239 2337 1270 2402 iu
1294 2337 1367 2402 loro
1400 2339 1546 2404 columna
1568 2359 1628 2424 po-

212 2451 270 2516 sita
293 2462 359 2522 est,
383 2464 622 2517 monumentum
646 2473 756 2518 rerum
780 2451 954 2517 honorilice
978 2451 1018 2516 ab
1042 2473 1082 2516 eo
1106 2453 1306 2538 gestarum.³)
1346 2449 1446 2518 Cuius
1463 2454 1628 2519 columnae

213 2566 451 2652 inscriptionem
476 2589 502 2631 a.
531 2571 614 2632 1565
646 2579 803 2653 repertam
828 2579 860 2632 et
882 2566 1015 2632 feliciter
1037 2567 1213 2633 restitutam
1237 2588 1319 2642 esse,
1350 2569 1507 2633 neminem
1530 2568 1623 2654 fugit,

214 2682 257 2746 ita
280 2692 315 2748 ut
338 2682 546 2768 antiquissimi
569 2683 766 2748 monumenti
790 2683 916 2768 saepius
934 2682 1061 2768 quidem
1076 2682 1258 2755 instaurati,
1282 2682 1338 2748 sed
1355 2704 1418 2748 uon
1435 2703 1626 2770 magnopere

214 2797 325 2862 mutati
350 2797 529 2884 exemplum
553 2797 644 2862 nobis
668 2808 789 2862 restare
812 2797 1016 2862 vehementer
1038 2797 1274 2880 gaudeamusll

306 2911 401 2992 Quod
426 2923 667 2978 mouumentum
692 2912 848 2978 hocloco
872 2911 1185 2978 commemorandum
1209 2912 1336 2998 putavi,
1373 2933 1436 2977 uon
1468 2913 1554 3000 quod
1581 2914 1627 2978 in·

216 3028 420 3113 scriptionem
437 3028 476 3092 ad
494 3049 604 3093 versus
622 3026 790 3094 Saturnios
806 3028 937 3093 relatam
954 3047 1057 3092 essea
1077 3027 1214 3113 quodam
1238 3010 1353 3102 seiam,
1378 3026 1433 3094 scd
1456 3039 1492 3094 ut
1515 3029 1628 3094 illustri

216 3141 347 3208 doceam
379 3143 543 3230 exemplo,
578 3165 673 3230 quam
705 3142 892 3208 mirabiliter
914 3141 973 3207 sibi
996 3154 1175 3229 repugnent
1199 3143 1343 3210 virorum
1368 3144 1534 3209 doctorum
1558 3163 1630 3208 sen·

215 3257 348 3332 tentiae,
383 3259 437 3346 qui
469 3280 677 3345 permagnum
707 3259 995 3347 antiquissimarum
1016 3259 1259 3344 inscriptionum
1285 3279 1452 3325 numerum
1485 3258 1628 3324 versibus

216 3370 375 3438 Suturuiis
398 3375 615 3460 conscriptum
639 3396 708 3439 esse
731 3375 904 3447 affirmant,
934 3373 1002 3440 lere
1025 3375 1109 3440 nulla
1132 3375 1190 3440 alie
1214 3373 1255 3441 de
1278 3395 1389 3448 causa,
1424 3395 1516 3462 quam
1540 3374 1625 3458 quod

219 3487 455 3574 antiquissimae
470 3499 560 3568 sunt,
584 3488 664 3554 banc
679 3500 786 3555 autem
802 3489 901 3555 Duilii
923 3491 1163 3576 inscriptionem
1187 3491 1225 3556 ad
1251 3511 1362 3556 versus
1386 3513 1450 3556 non
1473 3487 1625 3555 relerunt.

220 3602 311 3684 Quae
334 3604 462 3690 quidem
484 3626 537 3670 res
560 3604 688 3670 erudire
712 3627 770 3670 nos
793 3616 914 3691 potest,
947 3606 1101 3692 siquidem
1134 3627 1185 3671 res
1209 3606 1369 3671 notissima
1401 3605 1627 3672 dubitationem

213 3717 366 3794 baberet,
399 3720 492 3786 etiam
523 3719 747 3806 antiquissimis
778 3720 975 3807 temporibus
1006 3719 1167 3787 Romanos
1198 3721 1318 3788 tabulas
1351 3733 1382 3786 et
1412 3733 1531 3788 statuas
1555 3739 1623 3787 cum

215 3833 478 3920 inscriptionibus
502 3834 640 3920 pedestri
664 3835 807 3900 oratione
831 3836 982 3902 conlectis
1007 3837 1159 3922 posuisse.

321 4011 344 4077 ¹)
380 4014 466 4064 lusor.
485 4014 538 4064 col.
559 4015 738 4079 „primosque
756 4015 850 4066 consol
869 4015 903 4066 de
922 4015 1029 4066 siceleis
1047 4015 1173 4079 clesequc
1184 4015 1425 4065 cartacinienseom
1438 4015 1626 4078 triumpavetn

216 4101 357 4166 Triumphi
376 4103 446 4166 apud
466 4103 658 4154 Orationem.
679 4104 736 4154 Vol.
759 4105 828 4155 vili.
849 4119 874 4168 p.
894 4104 987 4155 CLIV:
1008 4104 1059 4160 „C-
1079 4104 1183 4154 Duilius
1201 4104 1239 4155 Μ.
1253 4103 1271 4153 l.
1286 4103 1321 4154 ll.
1341 4117 1366 4152 n.
1380 4103 1440 4153 Cos.
1459 4103 1563 4166 primus
1583 4116 1631 4151 na·

217 4190 303 4239 vatem
322 4191 355 4239 de
374 4191 489 4242 Siculeis
509 4176 536 4242 et
555 4192 640 4244 classe
659 4193 772 4244 Poenica
792 4192 1090 4255 egttK.1utercelar.“
1130 4189 1297 4257 (coxerit.)

322 4274 346 4342 2)
383 4280 441 4329 Liv.
461 4281 525 4345 epit.
544 4281 626 4331 xvii.
659 4281 724 4344 „ob
744 4295 824 4345 quam
844 4294 953 4332 causam
972 4281 997 4330 ei
1016 4284 1162 4343 perpetuus
1181 4281 1267 4330 bonos
1284 4272 1393 4329 habitur
1412 4284 1467 4337 est,
1489 4285 1519 4330 ut
1537 4291 1627 4330 rever·

219 4367 286 4417 tenti
304 4380 320 4416 a
339 4381 440 4431 coena,
460 4369 570 4419 tibicine
589 4375 716 4428 currente,
734 4370 825 4420 funale
843 4369 1050 4434 praeferretur.“

323 4451 345 4520 ³)
381 4457 449 4508 Ptin.
469 4458 496 4508 h.
515 4472 540 4510 u.
560 4460 609 4516 21,
628 4459 644 4510 5
662 4459 688 4517 8.
710 4459 760 4518 tt;
780 4459 827 4510 Sil.
846 4459 905 4510 ital.
924 4460 958 4514 tt,
977 4457 1029 4508 663
1050 4471 1124 4522 sqq.;
1144 4456 1257 4518 Quintil.
1278 4457 1341 4506 iutt.
1359 4469 1400 4508 or.
1419 4457 1449 4521 l,
1467 4456 1492 4506 7.

322 4541 345 4610 t)
382 4546 516 4598 [inhibent
535 4545 738 4610 inscriptionem
757 4548 904 4598 Ciuccooius
921 4547 993 4610 apud
1013 4546 1110 4598 Graec.
1138 4546 1220 4609 antiq.
1242 4546 1318 4595 lium
1338 4546 1382 4595 lV.
1402 4560 1427 4608 p.
1448 4544 1532 4603 18103
1552 4544 1634 4594 Lunai

217 4634 308 4699 seggio
326 4635 354 4685 di
377 4634 467 4699 lingua
485 4635 599 4685 litrusce
617 4648 632 4684 e
651 4635 678 4684 di
696 4635 766 4686 ultre
783 4637 893 4686 antiche
911 4636 1016 4686 d'ltalie
1035 4635 1056 4684 1.
1083 4649 1107 4698 p.
1134 4633 1206 4694 ¹483
1233 4634 1334 4684 Fiedler
1357 4633 1424 4682 rdm.
1452 4631 1550 4683 Geseh.
1576 4633 1630 4682 An-

218 4726 289 4789 hang
307 4726 370 4776 llro.
389 4726 436 4776 ill.
456 4739 481 4788 p.
500 4724 568 4783 3283
589 4724 728 4786 Groteleud
745 4725 790 4776 let
810 4724 926 4776 Gramm.
946 4726 981 4776 il.
999 4739 1025 4787 p.
1044 4723 1112 4784 atim
1132 4723 1211 4773 Orelli
1229 4724 1310 4774 inser.
1331 4722 1351 4770 1.
1369 4720 1435 4780 ¹483
1455 4721 1539 4784 Eqper
1552 4719 1626 4770 latin.

219 4827 336 4864 sermon.
355 4818 449 4864 vetust-
471 4812 546 4874 reliq.
567 4826 591 4874 p.
614 4815 670 4862 102.
