3666 5544
835 421 1054 482 ⁰⁴¹-

243 609 319 677 gum
343 596 405 662 est,
430 607 539 652 omnes
564 607 769 661 enumerare,
800 584 915 673 quibus
940 584 1064 651 tabulae
1088 586 1138 652 vel
1161 594 1282 652 statuae
1305 587 1427 673 positae
1449 597 1535 652 snut.
1570 587 1658 654 Inter

244 725 321 794 qnos
344 701 428 769 haud
452 702 547 768 dubie
570 703 664 770 etiam
682 700 718 767 C.
736 699 864 768 Maenio
888 700 1025 780 consuli,
1049 701 1122 787 qui,
1147 702 1234 766 omni
1256 701 1348 768 Latio
1372 701 1503 768 subnoto
1526 725 1554 768 a.
1578 709 1654 783 415,

248 841 285 886 eo
309 819 433 885 honore
455 839 531 884 raro
553 818 607 882 illa
628 826 747 896 aetate,
783 816 895 901 dignus
921 814 1105 896 videbatur,
1128 817 1217 882 loeus
1243 817 1362 901 esset.¹)
1412 815 1478 884 Sed
1500 819 1574 884 satis
1598 841 1658 884 nu-

241 955 353 1020 garum
383 955 401 998 a
430 932 507 998 viris
537 931 638 998 doctis
659 933 693 998 in
715 931 855 999 medium
876 931 939 998 iam
961 931 1121 1018 prolatum
1145 941 1202 998 est.
1250 929 1311 997 Cui
1335 931 1410 998 dum
1434 933 1491 998 heo
1515 933 1657 1020 disputa-

242 1051 330 1115 tione
353 1069 467 1113 oavere
488 1046 585 1113 iubeo
609 1056 641 1112 et
664 1056 736 1112 veto
759 1057 880 1112 temere
904 1045 1053 1120 credere,
1077 1065 1141 1111 non
1166 1046 1242 1112 mihi
1265 1047 1297 1112 in
1321 1057 1460 1114 mentem
1484 1049 1591 1124 venit,
1616 1049 1655 1115 de

244 1164 336 1230 iustis
367 1163 526 1228 clarorum
557 1162 701 1228 virorum
729 1159 874 1227 laudibus
897 1161 1071 1248 quidquam
1095 1160 1252 1236 delibare,
1288 1163 1345 1228 sed
1368 1185 1405 1228 ea
1426 1171 1548 1228 tantum
1571 1163 1658 1229 labe·

241 1279 360 1345 fnotnre
384 1277 485 1357 volni,
510 1299 591 1364 qnae
614 1277 788 1363 speciosius
812 1286 844 1341 et
863 1275 1058 1362 ingeniosius
1082 1297 1176 1363 quom
1193 1277 1299 1344 verius
1316 1277 1497 1344 dictasunt.
1533 1277 1657 1360 Quodsi

241 1416 305 1460 non
329 1393 417 1459 vanis
440 1391 556 1458 ictibus
580 1397 654 1458 nere
677 1391 805 1477 petiisse
822 1391 907 1456 visus
923 1390 1034 1466 fuero,
1060 1390 1135 1457 nihil
1151 1392 1228 1457 mihi
1244 1393 1382 1478 optatius
1398 1393 1512 1458 endere
1527 1395 1653 1480 poterit.

346 1641 366 1702 ¹)
402 1643 443 1694 De
462 1643 586 1694 columne
604 1641 712 1694 Maenio
730 1655 757 1691 v.
777 1639 845 1692 nun.
864 1641 910 1697 34,
930 1643 947 1693 5
965 1647 991 1704 3.
1012 1643 1058 1702 113
1088 1643 1144 1692 Liv.
1169 1641 1202 1701 8,
1228 1641 1277 1705 13,
1305 1641 1413 1707 etqnia
1432 1641 1572 1695 internos
1591 1657 1657 1694 nuo·

245 1739 317 1784 tores
336 1731 487 1796 discrepat,
505 1729 601 1782 Becker
618 1733 687 1782 rom.
707 1729 761 1780 ult.
779 1731 803 1782 1.
823 1729 884 1782 322.
