3666 5544
796 399 1010 460 „22-

196 570 256 625 stat
280 561 380 633 enim,
404 562 465 626 iam
489 562 572 648 apud
596 563 742 649 antiquos
766 563 863 628 multa
888 564 1002 630 dubiae
1025 565 1097 630 lidei
1114 567 1296 632 circumlata
1321 579 1350 631 ct
1374 567 1445 632 ideo
1469 591 1486 632 a
1512 591 1619 654 gram·

194 675 314 742 maticis
338 675 456 742 indices
479 677 579 742 factos
604 699 672 742 esse
705 677 898 754 fabularum,
935 702 1015 766 quae
1039 679 1142 746 Plauti
1177 703 1246 746 esse
1274 681 1499 760 censebantur,
1534 707 1618 772 quae

196 791 341 856 aliorum.
392 789 587 860 Varroniano
615 803 720 858 autem
750 815 879 873 norme,
913 817 953 860 ex
985 817 1046 882 qua
1081 797 1198 882 aliquid
1221 795 1335 862 Plauto
1365 798 1538 864 vindicaret
1566 803 1617 866 vel

198 905 412 986 abiudicaret,
437 909 559 972 eratin
584 907 785 974 diiudicanda
810 911 882 974 stilo
907 921 1001 996 atque
1024 911 1135 976 facetia
1159 913 1314 976 sermonis
1339 911 1452 978 Plauto
1476 935 1617 999 congru-

198 1023 278 1088 entis
303 1023 443 1108 posita.¹)
490 1020 605 1110 Neque
629 1027 820 1110 epigramma
844 1025 948 1090 stilum
972 1024 1153 1092 Plautinum
1177 1027 1322 1092 redolere
1350 1047 1485 1113 prorsus
1520 1051 1616 1116 nega·

196 1137 332 1219 verius)

201 1337 261 1416 ll.
328 1343 393 1420 De
429 1339 585 1422 tubulis
622 1346 758 1422 sacris
800 1342 976 1452 alliaque
1012 1342 1360 1446 trascriptioue'bua
1396 1347 1445 1423 in
1481 1343 1618 1429 borto-

534 1516 626 1572 rem
660 1492 879 1575 clarorum
910 1497 1104 1576 utrorum
1134 1491 1272 1596 foetes.

288 1683 479 1751 Accedimus
503 1687 542 1750 ad
566 1687 650 1752 aliud
674 1708 773 1772 genus
797 1689 1055 1774 inscriptionum,
1088 1710 1151 1754 non
1184 1709 1222 1754 co
1256 1690 1389 1755 consilio
1413 1690 1613 1764 conlectum,

205 1813 241 1866 ut
263 1802 426 1866 bominum
451 1802 691 1868 demortuorum
710 1804 863 1869 memoria
885 1804 923 1868 ad
940 1815 1084 1889 posteros
1103 1817 1351 1890 propagaretur,
1377 1806 1431 1870 sed
1448 1817 1482 1872 ut
1499 1818 1529 1870 et
1546 1805 1613 1872 [tiis

201 1915 372 1982 haberetur
395 1918 497 1983 bonos
522 1928 552 1982 et
576 1919 736 2003 praeclara
759 1920 901 1984 virorum
917 1919 1047 1982 fortium
1064 1919 1145 1984 lacta
1160 1921 1193 1984 in
1208 1920 1328 1985 maiore
1344 1922 1444 2006 gloria
1461 1922 1615 2009 laudeque

200 2033 442 2099 collocarentur.
490 2032 602 2122 ltaque
636 2035 844 2121 imperatores
873 2034 957 2100 bello
986 2035 1167 2102 laborantes
1195 2033 1282 2113 Diis,
1317 2037 1341 2100 si
1372 2038 1534 2102 victoriam
1563 2037 1615 2102 da-

201 2159 288 2228 rent,
313 2149 428 2236 templa
453 2171 589 2229 vovere,
619 2149 752 2246 deinde?
784 2151 808 2216 si
833 2149 914 2215 bene
938 2162 1113 2230 everterat,
1149 2152 1269 2222 dicare,
1303 2164 1467 2238 praeterea
1497 2152 1613 2220 tabulas

199 2263 333 2342 addere,
369 2265 401 2331 iu
427 2264 542 2352 quibus
567 2287 618 2330 res
641 2288 659 2330 a
682 2288 716 2330 se
740 2277 846 2352 gestae
869 2276 923 2330 aut
947 2267 1107 2332 coloribus
1143 2269 1283 2353 depictae
1313 2279 1369 2332 aut
1401 2269 1511 2334 litteris
1545 2290 1612 2354 per·

200 2379 338 2464 scriptae
363 2390 480 2446 essent.¹
527 2379 604 2446 Aliis
628 2379 669 2445 ob
695 2382 841 2446 virtutem
865 2394 992 2446 senatus
1026 2391 1144 2447 statuas
1180 2396 1210 2446 et
1245 2383 1408 2449 columnas
1442 2383 1612 2450 decernere

203 2515 274 2559 cum
299 2494 404 2559 iudice
427 2496 561 2561 nominis
586 2505 617 2560 et
640 2517 748 2560 rerum
774 2506 944 2580 gestarum.
992 2494 1116 2562 Harum
1140 2499 1238 2582 igitur
1266 2499 1507 2584 inscriptionum
1534 2499 1610 2566 baud

205 2608 358 2693 exiguum
382 2631 550 2674 numerum
576 2611 635 2674 viri
659 2610 743 2675 docti
760 2611 800 2676 ad
816 2631 925 2676 versus
944 2609 1111 2678 Saturnios
1128 2613 1321 2690 retuleruut;
1346 2612 1515 2700 dequibus
1533 2635 1612 2680 nunc

200 2725 378 2790 accuratius
397 2723 565 2790 videndum
591 2735 646 2790 est.
695 2724 824 2817 initium
840 2724 934 2790 faciat
950 2725 985 2792 T.
1005 2725 1188 2807 Qtriuctius‚
1213 2729 1309 2794 bomo
1325 2730 1464 2814 priscus,
1488 2742 1614 2796 austero

201 2849 347 2908 marcet
371 2840 482 2914 modo,
506 2840 545 2905 ab
569 2852 676 2906 aratro
700 2842 739 2906 ad
765 2863 922 2906 summum
947 2842 1165 2926 magistratum
1191 2844 1348 2930 quondam
1373 2843 1539 2912 abductus.

398 3039 439 3102 1.
463 3041 619 3103 Tabula
642 3041 688 3102 Τ.
714 3043 883 3123 Quincttt
907 3043 1129 3105 clnetnnatl
1154 3042 1213 3120 (a.
1237 3059 1275 3104 u.
1300 3039 1422 3120 313).

291 3184 380 3251 Bello
408 3185 619 3254 Praenestino
650 3185 687 3252 T.
718 3187 885 3268 Quinctius
911 3186 1115 3254 Cincinnatus
1149 3191 1282 3256 dictator
1314 3201 1438 3256 creatus
1472 3189 1614 3256 Latinum

204 3302 325 3366 bostem
350 3301 388 3366 ad
412 3300 527 3368 Alliam
550 3303 652 3382 ludit,
677 3313 709 3368 et
732 3325 846 3368 novem
871 3304 1013 3390 oppidis.
1039 3327 1120 3391 quac
1144 3317 1232 3372 erant
1256 3305 1315 3370 sub
1339 3307 1457 3372 ditione
1480 3303 1614 3369 Praene·

203 3417 377 3492 stinorum,
404 3419 487 3484 baud
511 3439 625 3502 magno
649 3419 821 3484 certamine
844 3420 1047 3506 expugnatis,
1073 3421 1163 3485 etiam
1188 3432 1282 3506 caput
1305 3420 1378 3486 belli
1403 3443 1459 3507 per
1481 3418 1611 3483 deditio

206 3554 276 3596 nem
301 3533 430 3619 recepit.
477 3533 557 3598 lude
581 3535 702 3607 victor,
727 3544 761 3598 ut
784 3535 863 3599 Livii
888 3535 992 3600 verbis
1016 3537 1131 3614 utar‚³)
1159 3535 1317 3616 „Romam
1336 3538 1482 3602 revertit:
1506 3534 1616 3599 trium-

207 3647 370 3734 phansque
386 3651 526 3733 siguum,
552 3647 726 3714 Praeneste
742 3647 922 3724 devectum,
948 3649 1034 3714 Iovis
1051 3650 1256 3736 Imperatoris
1279 3652 1311 3715 in
1329 3649 1518 3737 Capitolium
1539 3650 1611 3714 tulit.

208 3759 398 3828 Dedicatum
424 3774 471 3828 est
493 3765 576 3830 inter
600 3765 708 3828 cellam
732 3763 817 3830 lovis
842 3775 872 3828 et
898 3761 1076 3838 Minervae,
1107 3765 1275 3854 tabulaque
1298 3766 1358 3832 sub
1382 3788 1422 3832 eo
1445 3765 1528 3840 lixa,
1554 3785 1615 3830 mo·

211 3953 266 3962 ...-
586 3955 629 3962 ...-

310 4065 332 4131 1)
370 4067 438 4118 Geli.
458 4069 491 4125 3,
510 4070 534 4118 3.
572 4069 673 4118 Eadem
692 4083 787 4120 norma
807 4070 913 4120 videtur
933 4069 1016 4120 luisse
1036 4071 1122 4120 Servii
1143 4070 1244 4132 Clodii,
1264 4069 1383 4131 aequalis
1398 4068 1545 4118 Ciceronis.
1579 4053 1617 4120 ul

205 4157 260 4207 Cic.
280 4156 313 4206 ad
332 4156 396 4206 lam.
414 4156 448 4220 u,
469 4157 503 4208 16
521 4159 547 4217 5.
566 4157 600 4208 d:
620 4159 711 4222 »quod
732 4160 809 4208 tritas
828 4171 908 4229 aures
927 4159 1040 4208 haberet
1059 4159 1187 4208 notandis
1206 4157 1350 4220 generibus
1365 4161 1506 4219 poctarum
1518 4164 1546 4208 et
1559 4171 1619 4207 eon·

206 4246 348 4296 suetudine
367 4246 499 4309 legendi«
539 4247 612 4298 Suet.
633 4248 667 4297 de
686 4247 725 4296 ill.
745 4261 855 4310 gramm.
876 4247 901 4294 ¹2.
920 4247 944 4296 3.
982 4249 1068 4297 Varro
1087 4246 1120 4296 de
1138 4247 1202 4310 ling.
1222 4237 1269 4296 lut.
1288 4260 1314 4310 p.
1334 4245 1386 4296 ³55
1404 4246 1446 4296 ed.
1465 4248 1524 4310 Bip.

311 4329 332 4402 ²)
370 4336 575 4398 Componuutur
594 4335 666 4398 apud
684 4335 808 4385 Plautum
828 4337 926 4398 captiv.
949 4336 976 4385 lt.
997 4337 1019 4384 l.
1039 4335 1054 4383 3
1074 4336 1151 4384 ludus
1170 4336 1299 4396 attacus,
1325 4336 1456 4384 trucull
1486 4336 1562 4384 211
1585 4336 1620 4382 io·

207 4422 282 4472 culus
302 4427 329 4472 et
346 4421 424 4472 ludus
444 4417 579 4492 (ceterum
599 4425 680 4474 etlam
699 4424 769 4487 apud
795 4425 937 4474 Horatium
959 4428 1009 4474 set.
1029 4425 1053 4472 1.
1082 4425 1107 4474 5.
1137 4424 1172 4475 98
1199 4423 1325 4488 risusque
1352 4425 1505 4488 iocosque).
1546 4425 1623 4472 Amat

206 4511 315 4560 Plautus
334 4511 425 4560 verbis
438 4513 540 4575 ludere,
560 4517 588 4562 ut
602 4527 662 4561 cum
677 4513 828 4562 »trinumeri
842 4513 969 4562 numeria
991 4510 1071 4576 (quae
1083 4511 1148 4575 quid
1161 4517 1283 4574 spectent
1295 4512 1358 4562 vide
1370 4527 1402 4562 ex
1418 4513 1472 4560 (tic.
1487 4525 1533 4560 ora
1540 4516 1558 4562 t.
1573 4514 1623 4565 ao;

206 4600 270 4649 llor.
290 4602 340 4648 eat.
360 4600 384 4648 1.
402 4599 427 4648 d.
446 4599 491 4667 tr)
511 4613 669 4663 comparare
688 4600 775 4662 possis
793 4613 835 4650 ex.
856 4614 895 4662 gr.
926 4600 1065 4664 „amoenis
1080 4601 1239 4650 moenibus«
1265 4601 1374 4650 Trucul.
1393 4598 1461 4661 prol.
1480 4602 1505 4650 2
1524 4605 1552 4649 et
1568 4613 1623 4650 sex-

210 4693 287 4740 centa
307 4687 367 4736 alia.
405 4688 457 4738 Sed
476 4689 621 4739 locutionis
642 4693 745 4750 „ruente
764 4689 838 4738 derit
860 4688 1009 4750 exemplum
1028 4700 1081 4738 non
1102 4687 1218 4738 invenio.

315 4771 337 4834 ³)
376 4777 432 4825 Liv.
453 4779 482 4833 6,
502 4777 544 4824 29.
