3666 5544
796 417 991 493 --9-

188 600 351 668 vocabule·
367 598 549 665 adscribere
572 597 717 672 ridetur,
744 619 815 666 cnm
840 581 935 666 etiem
951 597 1081 667 Graecis
1105 611 1216 666 cautus
1240 600 1391 685 lugubres
1414 603 1521 668 nenias
1541 624 1600 668 no-

187 717 297 782 minari
322 715 412 781 dicat.
459 712 638 801 Hesychius
661 713 843 798 νηνορίζειν
872 713 957 778 idem
993 735 1062 780 esse
1096 735 1133 780 ac
1167 715 1340 798 degustat)
1380 713 1445 782 Jul.
1480 717 1599 784 Pollux

185 832 339 916 mosoc
366 829 540 918 Phrygium
566 848 633 894 esse
657 826 845 894 vocabulum
869 827 989 896 scribit.
1037 828 1180 918 Phryges
1204 829 1287 895 enim
1323 853 1391 897 esse
1423 829 1519 898 tibiae
1551 833 1599 898 lu-

184 947 294 1034 gubris
316 947 522 1020 inventores;
545 942 584 1008 ab
608 943 653 1008 his
677 940 777 1008 Cares
800 965 868 1008 eam
893 944 1067 1030 accepisse,
1092 965 1230 1032 quorum
1248 945 1396 1012 mulieres
1412 947 1598 1014 demortuos

40 1033 72 1118 ἰ
116 1053 120 1060 ’
185 1064 224 1130 ad
249 1063 396 1149 sepulcra
419 1059 561 1126 cantibus
584 1068 774 1145 prosecutae
797 1059 868 1124 sint.
908 1055 995 1126 Num
1020 1059 1209 1126 vocabulum
1231 1061 1329 1146 igitur
1355 1083 1373 1127 a
1400 1056 1601 1150 querimonia

186 1177 323 1266 quedam
346 1175 487 1242 dentium
509 1175 585 1258 equi
607 1184 714 1240 ortum
738 1174 793 1253 sit,
818 1171 1087 1261 quemadmodum
1110 1175 1191 1260 elegi
1214 1175 1253 1240 ab
1274 1173 1412 1260 storo
1433 1177 1509 1242 dieti
1533 1199 1603 1244 esse

188 1293 352 1364 teruntur,
376 1310 440 1355 non
464 1289 555 1356 facile
579 1271 726 1356 dixerim.
772 1287 983 1356 Doctissimns
1008 1287 1151 1376 Scaliger
1182 1290 1358 1380 Phrygium
1390 1292 1519 1380 quidem
1554 1295 1602 1359 in·

138 1424 141 1430 “
188 1414 332 1481 rantum,
367 1406 425 1472 sed
448 1404 628 1472 Hebraioae
661 1417 693 1472 et
717 1403 867 1494 Syriacae
896 1406 1031 1493 originis
1054 1407 1164 1472 nenias
1187 1427 1256 1472 esse
1283 1409 1420 1494 solues)
1467 1406 1599 1474 Certum

185 1533 247 1602 est,
270 1523 303 1588 iu
329 1521 416 1588 cultu
439 1510 567 1591 funebri
585 1517 804 1586 Romanorum
827 1521 890 1587 iam
913 1521 1138 1607 antiquissimis
1160 1519 1357 1609 temporibus
1380 1523 1475 1610 plura
1486 1523 1598 1598 inesse,

184 1659 268 1726 qnae
291 1636 418 1704 aliunde
440 1635 536 1723 petita
561 1635 745 1714 rideantur3
777 1657 848 1702 nam
871 1636 1008 1722 antiquis
1031 1634 1201 1712 Romanis,
1235 1648 1270 1704 ut
1301 1639 1344 1703 ait
1367 1637 1486 1704 Caesar
1517 1639 1602 1726 apud

186 1751 375 1828 Salustium,
398 1750 547 1838 superbia
572 1771 635 1816 uon
659 1749 818 1827 obstabat,
844 1772 909 1838 quo
925 1751 1029 1817 minus
1045 1753 1144 1818 aliena
1161 1753 1321 1828 instituta,
1345 1755 1372 1819 si
1388 1753 1483 1820 modo
1497 1729 1601 1841 'mota

187 1878 291 1942 mant,
315 1868 524 1933 imitarentur.
572 1864 755 1932 Subulones
777 1865 891 1952 igitur,
915 1865 1124 1933 Etruscorum
1145 1867 1302 1944 tibicines,
1327 1871 1451 1956 saepius
1467 1868 1603 1938 Romam

183 1984 295 2058 acciti,
319 2004 338 2048 e
360 1982 498 2072 Phrygia
524 2001 635 2066 magna
659 1993 809 2048 matera.
835 2005 866 2047 u.
891 1987 955 2048 549
980 1981 1115 2050 Romam
1139 1994 1314 2070 asportata,
1343 1995 1507 2071 praeterea
1531 2007 1602 2051 mn·

185 2102 298 2166 lierum
323 2099 470 2166 mercede
495 2098 738 2174 conductarum,
773 2119 856 2186 quae
878 2097 991 2165 flerent
1015 2108 1223 2186 mortuosque
1258 2100 1489 2174 collaudarent,
1525 2123 1601 2166 usus

183 2216 317 2282 ffirtasse
340 2237 381 2280 ex
404 2207 527 2280 oriente
549 2213 675 2300 petitus·
690 2225 746 2280 est.
794 2211 971 2280 Neuiarnm
1000 2213 1189 2280 vocabulum
1223 2215 1447 2303 antiquissimis
1480 2214 1599 2282 Roma-

186 2331 234 2398 nis
255 2330 400 2416 ignotum
424 2339 507 2405 erat;
532 2351 604 2394 nam
628 2329 830 2408 eiulatiouem
853 2327 1032 2415 lugubrem
1057 2335 1164 2396 lessam
1194 2342 1227 2396 et
1258 2331 1396 2397 carmina
1430 2332 1598 2398 mortualia

185 2468 281 2530 rugus
302 2443 485 2528 dicebant³>

271 2560 313 2627 Et
335 2561 413 2626 baec
436 2559 563 2647 quidem
588 2559 628 2625 de
652 2559 799 2638 nomine;
832 2559 871 2626 de
893 2581 931 2626 re
955 2561 1039 2626 nulla
1063 2569 1110 2628 est
1141 2559 1305 2627 dubitatio.
1353 2557 1477 2628 Noniae
1512 2573 1602 2628 erant

184 2686 295 2742 centus
318 2671 467 2762 lugubres
489 2677 574 2740 inter
608 2675 776 2762 exsequias
810 2697 827 2740 a
861 2675 1047 2742 mulieribus
1081 2676 1229 2742 mercede
1263 2676 1447 2756 conductis,
1483 2676 1598 2764 quibus

158 2791 328 2879 -praeficis
344 2789 509 2883 nomenstl
533 2791 572 2856 ad
596 2790 686 2856 tibias
710 2790 885 2873 cantitatid)
935 2791 1059 2873 Quibus
1083 2791 1226 2858 cantibus
1255 2792 1366 2860 laudes
1395 2803 1598 2858 mortuorum

184 2907 338 2994 practicae
361 2907 537 2980 celebrasse
561 2906 748 2980 traduntur,
773 2916 824 2982 et,
849 2907 935 2996 quod
965 2907 1056 2974 facile
1080 2907 1150 2994 quis
1173 2907 1364 2983 crediderit,
1400 2928 1464 2973 noo
1498 2927 1599 2994 expo-

183 3024 245 3088 litis
268 3023 394 3112 quidem
418 3023 572 3110 iustisque
595 3021 749 3102 versibus,
772 3021 836 3096 sed,
862 3031 942 3088 teste
957 3019 1077 3100 Nonio,
1097 3024 1206 3109 inepto
1222 3033 1252 3088 et
1268 3021 1432 3088 incondito
1447 3023 1596 3088 carmine.

184 3137 303 3231 Gellius
326 3159 455 3224 quoque
477 3138 585 3202 nenias
608 3138 758 3203 levissimi
781 3137 907 3227 generis
931 3137 1069 3203 carmina
1091 3137 1188 3203 fnisse
1212 3146 1325 3204 auctor
1348 3146 1413 3218 est,
1449 3137 1503 3224 qui
1527 3135 1595 3204 Do-

81 3309 85 3326 ,
186 3253 307 3317 mitium
326 3251 482 3339 quendam
498 3252 735 3339 grammaticum
751 3253 793 3319 ita
809 3251 1034 3319 declamantem
1050 3253 1191 3318 induxit:
1217 3274 1300 3335 „vos
1316 3252 1495 3340 philosophi
1510 3275 1598 3320 mera

185 3367 275 3442 estis,
312 3378 347 3436 ut
369 3364 417 3434 Μ.
442 3365 523 3436 Ceto
546 3367 607 3444 ait,
638 3368 811 3434 mortuaria
835 3369 1007 3454 glossaria;
1044 3389 1179 3455 nemque
1200 3369 1345 3455 colligitis
1377 3368 1513 3448 lexidia,
1547 3389 1599 3433 res

192 3493 289 3550 tetras
313 3494 344 3550 et
367 3484 476 3549 inanes
500 3493 532 3549 et
553 3483 701 3560 insoles,
728 3495 875 3571 tanquam
898 3485 1067 3551 mulierum
1090 3505 1187 3550 voces
1210 3481 1448 3570 presbeterum«
1457 3486 1478 3567 ⁶)
1526 3483 1599 3566 Quo

189 3686 609 3701 mma—Onu·-

289 3820 308 3884 1)
344 3809 672 3888 hamburgensibus:
689 3822 865 3890 θρηνοῦντα,
884 3823 1026 3876 actuose.
1052 3824 1147 3876 Pollux
1165 3824 1213 3874 lib.
1232 3825 1274 3874 lv.
1293 3837 1375 3888 segm.
1394 3825 1430 3874 re
1448 3823 1489 3873 ed.
1510 3825 1601 3875 Wctt-

182 3914 251 3964 steiu
270 3912 348 3966 taos.
383 3905 754 3978 castrametatae
775 3909 904 3978 Φρύγιον,
923 3905 1101 3976 ‘inadsueti’
1126 3906 1212 3964 edred
1230 3908 1399 3978 μνημονεύει.
1431 3912 1599 3963 Vocabulum

183 4001 324 4054 maiarum
341 4013 405 4054 oum
423 4001 531 4054 Graece
549 3997 614 4066 νύξ,
637 3997 759 4064 maulim
784 4003 947 4062 cobaerera,
975 4003 1038 4067 quia
1056 4003 1207 4054 mutilante
1232 4004 1265 4052 ad
1295 4015 1418 4052 somnum
1440 3999 1602 4065 capiendum

185 4086 272 4140 dictae
290 4091 326 4144 ita
344 4095 459 4144 vocatae
476 4091 532 4144 etet
551 4090 642 4158 (qnod
659 4093 782 4156 Hermae
803 4092 913 4144 statuit:
940 4092 1027 4156 Relig.
1047 4091 1096 4142 der
1112 4091 1212 4142 ltdnrer
1235 4093 1267 4140 11.
1293 4091 1379 4156 etl),
1405 4103 1459 4140 nen
1483 4095 1524 4140 cst
1542 4089 1602 4140 vert

185 4176 281 4230 simile.

289 4261 316 4334 2)
351 4267 393 4320 Ad
411 4269 489 4322 Verr.
509 4269 543 4320 de
559 4268 626 4333 ling.
643 4269 690 4320 lat.
709 4285 734 4334 p.
753 4269 806 4322 Μ
825 4284 865 4334 sq.
884 4270 926 4320 ed.
947 4269 1006 4334 ltip.

290 4349 314 4416 ³)
350 4355 380 4406 L.
398 4355 489 4409 bellna
507 4357 576 4412 Stilo
595 4357 667 4421 apud
685 4356 742 4410 Cio.
762 4359 795 4410 de
811 4359 881 4423 legg.
899 4358 935 4416 2,
952 4357 1002 4417 2³3
1021 4358 1106 4408 Plane.
1125 4359 1224 4408 asiam.
1242 4358 1269 4408 t.
1288 4361 1312 4408 l.
1332 4357 1375 4408 63.

289 4439 313 4507 l)
351 4443 437 4496 Varro
455 4446 488 4498 de
506 4447 569 4511 ling.
589 4447 634 4498 lat.
661 4448 703 4500 Vl.
730 4461 755 4510 p.
779 4447 824 4499 ot.
843 4447 901 4512 bip.
926 4452 953 4498 et
971 4447 1009 4498 ib.
1029 4447 1162 4508 Naevium
1191 4448 1310 4498 Lucilius
1337 4445 1434 4511 fragm.
1461 4447 1546 4497 llxll.
1566 4450 1598 4507 ¹3

182 4536 284 4588 Nonius
303 4535 345 4586 ed.
366 4533 440 4586 Gerl.
457 4549 482 4597 p.
500 4534 544 4588 47.

286 4619 309 4691 ⁵)
341 4623 403 4676 dic.
424 4625 458 4676 de
475 4625 544 4689 legg.
563 4627 594 4683 u,
612 4625 649 4676 24
666 4633 693 4690 5.
713 4627 765 4690 οῦς
784 4626 878 4678 Festus
898 4641 923 4690 ο.
944 4629 1012 4690 ¹⁷⁵3
1030 4625 1104 4680 Paul.
1130 4625 1204 4676 ittae.
1224 4638 1283 4676 exc.
1302 4639 1326 4687 p.
1343 4623 1394 4674 105
1408 4623 1450 4675 ed.
1463 4624 1600 4682 bledam:

183 4711 283 4766 nonan·
301 4724 329 4776 ο.
347 4714 391 4764 ea.
412 4713 455 4764 aa.
474 4712 548 4766 cart
810 4737 811 4742 =
1595 4699 1596 4702 ’

286 4793 310 4864 ⁶)
348 4797 425 4856 Noct.
445 4802 498 4856 att.
520 4802 560 4854 18.
581 4803 604 4854 7,
625 4806 650 4855 3.
708 4857 710 4862 ,
