3604 5528
230 585 270 651 ad
305 607 438 653 munera
462 585 654 674 capessenda
676 587 876 665 adminicula,
901 611 996 677 quam
1019 592 1086 678 ipsa
1110 593 1219 658 virtus.
1267 592 1332 661 Sed
1360 607 1395 661 ut
1424 597 1463 663 ad
1496 620 1563 664 rem
1599 623 1652 665 re·

230 728 336 804 deam,
371 728 410 794 ad
443 727 666 796 celebrandum
689 729 773 795 diem
795 730 852 796 tihi
875 732 1104 820 omnibusque,
1139 735 1194 821 qui
1225 736 1300 800 on
1324 737 1384 802 tuis
1410 740 1526 806 scholis
1549 741 1649 806 inter-

229 869 381 946 fuerunt,
404 869 535 946 festum,
559 893 619 958 pro
643 871 724 936 virili
746 881 837 958 parte
860 872 1014 959 quaedam
1037 873 1179 940 tribuere
1201 877 1313 956 malui,
1341 901 1436 964 quam
1460 878 1645 968 Harpocra-

232 1023 296 1079 tem
319 1033 415 1100 agere
438 1015 487 1080 vel
510 1013 550 1082 ad
573 1010 732 1080 Kalendas
756 1012 894 1118 Graecas
916 1015 1157 1102 antesignanum
1176 1029 1376 1104 exspectare3
1401 1022 1459 1086 uisi
1485 1022 1566 1088 forte
1582 1024 1647 1110 sig·

228 1177 305 1222 num
337 1155 486 1243 praetulit
509 1156 559 1222 vir
582 1155 790 1232 clarissimus,
812 1177 936 1223 summe
958 1156 1034 1222 mihi
1056 1157 1224 1233 colendus,
1252 1161 1306 1246 qui
1330 1183 1432 1248 nuper
1458 1163 1542 1229 inter
1567 1186 1645 1251 epu-

228 1298 274 1363 las
308 1299 391 1364 vitae
415 1305 488 1365 tuae
511 1297 714 1364 scholasticae
748 1297 942 1363 curriculum
973 1297 1117 1366 versibus
1146 1299 1230 1366 haud
1257 1302 1426 1368 inconditis
1457 1305 1648 1391 lepidissime

230 1438 408 1505 delineavit.
456 1437 654 1526 Quamquam
677 1460 742 1506 nou
766 1461 852 1505 eram
876 1441 1009 1522 nescius,
1033 1463 1106 1508 cum
1128 1441 1205 1509 haec
1226 1443 1338 1510 litteris
1353 1445 1552 1522 mandarem,
1575 1447 1646 1514 fore

227 1591 263 1648 ut
295 1581 346 1646 hic
379 1589 489 1648 noster
511 1580 603 1647 labor
626 1603 691 1647 nou
713 1591 777 1646 tam
803 1582 835 1646 in
858 1581 1021 1648 hominum
1054 1582 1222 1650 doctorum
1245 1586 1517 1672 reprehensiones,
1547 1611 1639 1677 quam

226 1725 260 1790 in
284 1744 397 1789 eorum
420 1743 584 1828 rumores,
609 1723 664 1812 qui
687 1722 806 1810 ubique
828 1723 911 1811 apud
929 1744 986 1790 nos
1010 1725 1127 1810 primas
1150 1747 1246 1812 agere
1268 1737 1372 1813 partes
1396 1742 1629 1796 consueverunt

225 1868 415 1932 incurreret.
461 1862 581 1931 Verum
604 1865 678 1930 satis
701 1864 835 1931 videbor
857 1865 933 1930 mihi
956 1865 1091 1942 fecisse,
1121 1868 1148 1932 si
1171 1881 1206 1934 tu
1228 1842 1360 1956 aliique,
1384 1847 1465 1956 quos
1489 1891 1637 1946 veneror,

225 2007 286 2073 viri
309 2006 395 2072 docti
409 2001 467 2072 ‘me
490 2028 553 2072 uon
578 2005 756 2072 Caeritibus
779 2005 893 2073 tahulis
910 2006 1039 2093 dignum
1055 2031 1113 2076 nec
1129 2010 1300 2077 laureolam
1317 2011 1349 2076 in
1365 1994 1529 2079 mustaceo
1544 2034 1640 2100 quae-

225 2149 336 2216 sivisse
358 2149 583 2216 iudicaveritis.

315 2289 368 2357 Ad
392 2301 570 2358 extremum
594 2292 702 2357 nescio
725 2313 790 2379 qno
813 2291 910 2358 modo
941 2293 1046 2359 animo
1069 2291 1208 2370 afficior,
1243 2293 1318 2360 dum
1345 2291 1451 2361 Deum
1485 2297 1640 2383 optimum

225 2433 399 2500 maximum
423 2454 483 2521 pro
507 2431 657 2500 felicitate
680 2443 754 2511 tua,
779 2432 925 2500 Gerlachi
949 2435 1192 2511 humanissime,
1216 2437 1250 2500 in
1272 2445 1345 2501 vota
1370 2458 1459 2503 voco.
1496 2435 1567 2503 Erit
1583 2411 1638 2524 dui

224 2574 281 2641 tihi
303 2585 377 2662 post
399 2575 539 2665 quinque
561 2575 658 2641 lustra
681 2577 796 2645 iterum
820 2575 1028 2675 circumacta,
1063 2579 1090 2644 si
1111 2577 1174 2644 vita
1208 2578 1407 2664 suppeditat,
1443 2601 1558 2646 munus
1583 2601 1642 2667 per

224 2716 421 2784 dimidiatum
445 2717 605 2783 sacculum
629 2717 763 2784 feliciter
786 2728 909 2804 gestum
925 2719 1139 2805 gratulaturus
1155 2719 1203 2784 sit.
1243 2717 1324 2794 Sed,
1351 2721 1468 2809 quippe
1492 2723 1640 2788 mortales

224 2881 348 2936 sumus,
383 2860 484 2926 omnis
507 2860 637 2928 huiusce
659 2861 707 2926 rei
729 2861 810 2926 ratio
833 2882 957 2927 summo
979 2883 1089 2927 rerum
1111 2871 1143 2928 et
1164 2860 1327 2927 hominum
1348 2865 1469 2930 rectori
1490 2874 1538 2930 est
1553 2885 1639 2928 com-

225 3001 385 3068 mittenda.
431 2999 560 3068 Utinam
584 3012 615 3068 te
637 3001 690 3067 ille
712 3002 897 3070 immortalis
921 3002 1179 3069 clementissimus
1202 3025 1275 3069 cum
1298 2977 1394 3072 domo
1420 3015 1483 3071 tota
1513 2969 1555 3069 in
1571 3005 1638 3068 lon·

224 3167 301 3233 gum
325 3167 438 3211 aevum
461 3111 649 3211 conservetl
696 3141 823 3213 Utinam
858 3145 890 3209 in
923 3155 1018 3232 caput
1053 3155 1142 3210 tuum
1182 3146 1267 3232 larga
1300 3121 1482 3213 clementiae
1517 3145 1637 3212 divinae

228 3287 312 3353 dona
336 3285 498 3366 effundat,
523 3286 712 3354 calamitates
736 3291 945 3352 averruncetl
991 3285 1086 3358 Faxit
1109 3297 1155 3362 te.
1180 3251 1333 3379 quatenus
1353 3286 1538 3352 mortalibus
1564 3307 1639 3352 con-

228 3450 351 3496 cessum
377 3439 441 3504 est,
465 3427 504 3494 ah
528 3429 616 3494 omni
638 3439 728 3515 parte
749 3427 894 3495 beatum!

435 3785 540 3848 scripsi
560 3784 620 3836 Kal.
642 3784 751 3840 ianuar.
