3666 5544
802 456 1017 516 ..21-

193 625 283 692 rouis
307 623 347 690 de
370 624 471 710 poetis
495 621 575 688 libro
599 623 703 708 primo
729 621 977 707 transscriptum.
1019 617 1122 684 Plauti
1146 629 1231 684 aetas
1255 616 1460 684 allitsebelio
1485 618 1529 682 sic
1556 616 1609 680 de·

198 742 323 816 linitur,
348 748 384 806 ut
406 737 533 804 ineunte
557 739 684 803 saeculo
708 747 801 802 sexto
824 735 912 801 urbis
937 744 1027 800 natus
1052 735 1239 801 tricenarius
1264 734 1380 819 primus
1403 732 1523 798 fabulas
1558 732 1615 796 do-

193 856 312 928 cuerit,
338 853 444 940 paucis
469 873 546 919 vere
571 853 659 918 annis
692 861 766 938 post
788 850 984 916 Pseudolum
1017 847 1195 916 absolutum
1219 873 1246 915 a.
1272 873 1301 914 u.
1327 855 1391 915 569
1417 847 1493 936 Cap.
1527 869 1615 913 mor-

192 981 269 1036 tuns
292 969 341 1036 sit.
389 967 480 1049 Quae
503 989 555 1033 res
579 967 785 1033 confirmatur
809 964 974 1034 Ciceronis
998 966 1070 1031 loco
1085 966 1120 1045 .¹)
1156 976 1191 1030 ut
1215 976 1301 1030 recte
1329 966 1411 1030 eirea
1446 965 1506 1029 boe
1537 975 1614 1028 tem-

194 1107 255 1171 pus
281 1083 474 1170 epigramma
497 1083 709 1170 compositum
734 1091 898 1169 putemus.
934 1079 1020 1168 quod
1050 1081 1082 1144 in
1115 1080 1275 1147 veteribus
1311 1079 1502 1146 editionibus
1511 1080 1536 1160 2)
1570 1079 1614 1142 sic

149 1245 158 1261 .
196 1200 348 1286 seriptum
372 1198 498 1264 inveni:

550 1312 724 1400 Postquam
749 1323 796 1378 est
820 1323 924 1379 morte
948 1323 1058 1396 captus
1083 1311 1214 1377 Plautus

552 1427 725 1494 Comoedia
748 1429 832 1514 luget
857 1449 950 1492 scena
974 1437 1021 1492 est
1044 1426 1168 1492 deserta

551 1542 676 1610 Deinde
700 1544 782 1610 risus
807 1543 899 1610 ludus
921 1543 1077 1630 iocosque
1101 1553 1131 1606 et
1155 1545 1278 1608 numeri

552 1657 715 1726 innumeri
738 1659 830 1724 simul
854 1679 964 1724 omnes
988 1658 1314 1745 collaebrymarunt.³)

303 1775 353 1842 De
377 1773 673 1860 versuumigeuere
698 1773 843 1861 equidem
868 1773 971 1838 nullus
995 1772 1121 1853 dubito,
1153 1774 1228 1860 quin
1255 1795 1362 1838 versus
1397 1774 1514 1838 heroici
1547 1775 1609 1836 sint

202 1913 304 1980 neque
326 1912 521 1977 magnopere
545 1911 678 1965 vereor,
704 1912 744 1955 ne
767 1889 857 1954 multi
875 1887 1126 1976 obloquantur.l)
1165 1888 1260 1970 Quod
1278 1889 1417 1975 opponit
1434 1886 1615 1953 Diintzerus

197 2009 283 2073 solos
307 2007 508 2072 hexametros
533 2006 585 2071 tali
609 2005 705 2071 modo
729 2005 857 2070 minime
880 2005 999 2091 positos
1035 2025 1103 2070 esse
1137 2004 1168 2068 in
1199 2003 1476 2090 inscriptionibus,
1507 2003 1617 2080 miror,

198 2122 287 2209 qnod
311 2122 470 2187 bominem
495 2121 712 2187 doctissimum
736 2121 879 2206 exempla
900 2119 1014 2204 ingere
1030 2119 1212 2205 potuerint,
1237 2129 1406 2205 quaesunt
1423 2119 1505 2204 apud
1524 2118 1615 2184 Orel-

199 2238 279 2302 lium
304 2246 335 2302 et
356 2233 560 2324 Meyerum.⁵l
599 2235 709 2317 Quid?
745 2235 855 2316 Quod,
880 2257 920 2299 ne
943 2235 1134 2320 ineptiarum
1151 2234 1225 2321 quid
1247 2233 1380 2306 deesset.
1405 2233 1511 2320 plures
1528 2233 1618 2298 dein-

201 2373 275 2438 ceps
297 2352 482 2438 pentametri
508 2351 638 2436 elegiaci
662 2351 776 2416 eodem
799 2350 896 2416 modo
919 2351 1014 2437 positi
1036 2355 1134 2415 sunt‘t
1148 2349 1171 2431 ⁶)
1220 2346 1287 2416 Sed
1314 2370 1377 2436 quo
1403 2350 1474 2414 iure
1490 2347 1617 2419 Plauto,

200 2477 375 2533 metrorum
399 2466 596 2532 Graecorum
621 2467 753 2538 cultori,
791 2487 900 2531 versus
926 2463 1066 2531 Saturnii
1097 2467 1184 2549 (nam
1210 2487 1251 2530 ex
1274 2464 1321 2529 bis
1345 2462 1527 2529 Diiutzerus
1552 2464 1618 2549 epi·

203 2603 345 2668 pamma
369 2591 516 2648 constare
540 2581 658 2662 voluit)
684 2579 891 2646 tribuantur?
937 2577 1023 2646 Num
1054 2579 1218 2666 probabile
1250 2591 1314 2653 est,
1349 2579 1435 2644 illum
1469 2601 1617 2644 versuum

203 2717 301 2782 genus
325 2696 413 2785 quod
436 2717 494 2782 per
517 2706 615 2762 totam
641 2697 735 2761 vitam
760 2707 944 2782 spreverat,
969 2696 1008 2760 ad
1034 2696 1172 2781 elogium
1197 2695 1339 2781 sibiipsi
1366 2693 1544 2760 laciendum
1569 2717 1619 2758 re·

201 2813 371 2880 servasse?
415 2809 498 2877 Nam
528 2811 614 2899 quod
640 2833 741 2898 nuper
764 2811 813 2877 vir
837 2811 964 2899 quidam
1000 2811 1112 2876 doetus
1144 2810 1202 2876 sibi
1237 2811 1396 2876 invenisse
1432 2810 1517 2875 visus
1553 2819 1617 2888 est,

203 2929 277 2994 satis
301 2947 450 3013 magnum
472 2928 504 2992 in
529 2925 685 2993 Plautinis
708 2926 823 2994 fabulis
847 2927 951 2992 inesse
976 2923 1201 2992 Saturniorum
1221 2947 1407 3002 numerum,
1432 2925 1518 2990 velut
1533 2925 1627 3009 aegri,

203 3043 323 3109 somnia
347 3064 426 3108 vana
450 3052 524 3108 sunt
547 3053 745 3120 commenta,
770 3043 888 3109 nemini
911 3043 1077 3109 Plautinae
1100 3041 1176 3107 artis
1201 3042 1304 3128 perito
1328 3041 1469 3128 probata.

289 3155 415 3235 Restat,
446 3168 481 3222 nt
505 3157 544 3222 de
568 3159 801 3244 epigrammatis
825 3159 954 3243 ingenio
980 3157 1112 3224 verbum
1137 3157 1259 3222 addam.
1298 3156 1423 3238 „Quod
1448 3155 1621 3222 dubitasse-

205 3275 310 3346 mus‚“
336 3269 453 3338 Gellius
476 3273 598 3360 inquit,
629 3295 694 3352 „an
718 3272 823 3338 Plauti
860 3273 962 3348 foret,
995 3273 1054 3338 nisi
1078 3296 1095 3337 a
1119 3271 1164 3337 Μ.
1189 3269 1335 3337 Varrone
1367 3272 1504 3358 positum
1540 3281 1622 3336 esset

202 3387 235 3450 in
257 3385 338 3452 libro
361 3387 401 3453 de
424 3389 525 3474 poetis
549 3387 684 3474 primo.“
732 3387 944 3454 Dubitationis
968 3388 1106 3474 suspicio
1141 3387 1214 3454 satis
1247 3398 1295 3453 est
1324 3397 1481 3452 excusata.
1538 3385 1623 3450 Con·

307 3599 331 3665 ¹)
367 3603 612 3666 Brut.15.g.dll.

305 3686 327 3757 2)
364 3691 502 3742 Editiones
522 3693 603 3746 Gellii
623 3693 757 3758 intellige,
782 3706 849 3758 quas
868 3707 949 3758 supra
969 3695 1125 3744 memoravi.

307 3773 329 3842 ³)
368 3779 530 3830 varietatem
548 3781 674 3832 lectionis
694 3783 764 3832 hane
790 3783 987 3834 animadverti:
1016 3798 1039 3832 v.
1060 3787 1083 3832 1.
1110 3784 1190 3832 Heus.
1217 3782 1336 3845 disperses
1362 3781 1462 3829 anthol.
1491 3779 1554 3828 Nro.
1579 3777 1613 3826 23

200 3879 215 3917 e
233 3867 291 3920 its.
309 3869 373 3933 Reg.
393 3869 532 3918 [totterod.
552 3869 633 3921 (iren.
653 3871 682 3919 B.
701 3877 808 3921 mortem
825 3878 942 3935 aptos,s
961 3853 1016 3924 MS.
1031 3871 1122 3921 Ursini
1134 3876 1242 3920 mortem
1258 3871 1374 3932 adeptus.
1406 3869 1498 3918 Lectio
1513 3867 1618 3930 vulgata

200 3962 242 4006 est
258 3963 340 4007 morte
358 3959 449 4020 dmm,
473 3963 501 4006 ut
519 3963 606 4008 morte
625 3959 661 4008 sit
680 3959 760 4009 dandi
780 3973 857 4010 easus
876 3961 1000 4024 antiquus
1026 3974 1075 4023 pro
1094 3960 1183 4008 morti.
1221 3959 1251 4008 V.
1278 3961 1303 4008 2.
1329 3957 1398 4020 apud
1425 3956 1508 4005 Orell.
1535 3957 1619 4018 eclog.

200 4059 226 4107 p.
245 4047 297 4095 ’258
317 4047 356 4095 sie
376 4061 404 4096 se
424 4047 518 4098 babet:
545 4049 621 4096 aeeott
646 4049 764 4098 deserta:
782 4050 841 4098 don
858 4055 905 4098 ete.
943 4050 973 4098 ln
992 4049 1055 4098 edit.
1076 4048 1156 4097 basil.
1177 4047 1246 4096 1519
1271 4053 1295 4096 et
1314 4048 1415 4095 deserto
1441 4037 1558 4112 (errore
1583 4051 1622 4108 ty·

200 4135 354 4198 pographp
392 4135 421 4184 V.
442 4136 457 4184 3
477 4135 505 4184 in
524 4135 589 4185 edit.
608 4137 691 4201 Lugd.
711 4136 777 4186 1561
799 4138 838 4187 sie
857 4137 974 4202 legitur:
999 4139 1057 4187 deiu
1080 4139 1147 4186 risam
1172 4137 1294 4199 ludamque
1321 4138 1440 4199 iocosque
1467 4142 1491 4185 et
1515 4135 1622 4184 numeri.

202 4222 285 4271 Culus
304 4223 445 4280 editionis,
470 4225 586 4288 quaein
610 4225 776 4276 bibliothece
800 4227 930 4276 Berneusi
954 4231 1124 4288 asservetur,
1152 4227 1265 4289 margini
1286 4225 1431 4287 adscripsit
1451 4223 1624 4274 doctissimus

203 4309 232 4356 P.
251 4309 345 4358 Dordel
362 4325 443 4360 mann
461 4315 570 4375 propria
590 4313 659 4363 bane
688 4315 953 4365 adnotatiunculam:
989 4317 1149 4378 „innumeri
1178 4315 1389 4370 substantivum,
1414 4313 1486 4376 quod
1512 4325 1624 4362 numero

206 4409 260 4446 non
280 4401 419 4457 constant,
438 4413 489 4449 nec
508 4407 615 4451 πτειν·

312 4479 334 4548 l)
370 4485 488 4548 Primus,
508 4491 696 4553 quodecim,
717 4491 891 4542 doctissimus
911 4493 1005 4542 Fracte.
1019 4491 1113 4541 Daniel
1131 4492 1167 4540 ita
1188 4491 1298 4552 statuit,
1318 4491 1363 4555 qui
1385 4492 1412 4540 in
1432 4491 1551 4542 editione
1565 4487 1624 4538 Gel-

207 4573 236 4622 lii
256 4573 338 4624 Paris.
360 4575 426 4624 1511
448 4573 552 4626 Bernee
570 4585 707 4629 asservata
734 4581 786 4630 boe
805 4581 961 4631 adnotavit:
992 4593 1102 4641 „versus
1122 4581 1165 4629 hie
1183 4581 1309 4630 heroicus
1329 4585 1369 4629 est
1379 4585 1402 4638 ,t
1428 4591 1574 4641 versusque
1598 4577 1624 4626 in

314 4749 337 4817 5)
375 4751 459 4803 Orelli
478 4755 558 4803 inser.
579 4755 641 4807 liro.
660 4757 730 4808 sset
750 4771 809 4823 sqq.
830 4759 862 4808 ll.
881 4759 975 4822 Meyer
995 4759 1096 4808 anthol.
1115 4759 1178 4807 Nro.
1200 4759 1276 4808 1118.
1299 4755 1376 4806 1162.
1399 4755 1476 4806 1161.
1494 4755 1559 4805 1171
1577 4761 1627 4805 etc.

313 4833 334 4909 ὁ)
376 4841 520 4894 Hermann.
540 4843 616 4895 elem.
638 4847 723 4896 doctr.
745 4853 821 4898 metr.
842 4848 886 4896 lib.
908 4849 942 4897 ll.
964 4860 1021 4910 eep.
1043 4847 1151 4897 XXVII.
1173 4849 1236 4900 Nro.
1256 4848 1280 4896 u.
