3666 5544
819 410 1033 472 ..23-

213 585 406 644 numentum
439 596 546 640 rerum
577 585 759 660 gestarum,
794 575 840 640 tris
870 575 969 640 terme
998 573 1095 640 incisu
1125 573 1235 638 titteris
1258 573 1334 639 fuit:
1374 576 1516 656 „Iupiter
1544 584 1630 656 etque

216 697 289 758 Diui
307 713 408 770 emere
431 695 485 756 hoc
511 694 668 767 dedercost,
695 705 729 754 ut
751 693 782 754 T.
811 693 971 770 Quinctius
994 693 1122 754 dictctcr
1148 691 1256 772 oppida
1277 709 1380 752 nocem
1402 692 1548 770 cuperet.“

305 803 412 872 Huius
436 804 560 872 tabulae
582 805 839 890 inscriptionem,
865 805 1024 892 antiquam
1049 824 1123 868 sene
1147 812 1179 868 et
1202 823 1242 868 eo
1266 812 1412 888 temporo
1435 800 1629 880 confectum,

218 942 287 1008 quo
312 921 492 986 nullasdum
516 923 659 1007 poeticae
682 921 743 986 arti
766 920 867 986 honos
890 919 1014 986 habitus
1038 929 1103 994 cst,
1127 921 1321 991 Niebutrtns,
1351 921 1382 982 C.
1409 921 1445 984 0.
1468 920 1628 990 Mitttcrea,

215 1042 406 1110 Diiotzeres,
435 1037 623 1102 assentiente
646 1034 804 1117 nutriet)
828 1035 993 1102 inversus
1017 1031 1185 1100 Saturnios
1208 1032 1416 1118 redegernot;
1455 1052 1520 1096 non
1543 1029 1630 1117 quod

225 1149 333 1216 Livius
364 1151 424 1215 tale
457 1150 532 1238 quid
562 1151 707 1225 dixisset,
743 1149 797 1216 sed
830 1150 1069 1236 grammaticum
1102 1147 1257 1236 quendem
1289 1147 1405 1222 secuti,
1437 1147 1492 1233 qui
1516 1146 1577 1212 hoc
1598 1146 1630 1210 in

224 1287 316 1330 more
343 1266 603 1364 triumphuntinm
633 1267 730 1332 inisse
761 1265 894 1352 scripsit.
945 1265 1058 1352 Itaque
1090 1261 1288 1331 Niebuhrius
1321 1263 1353 1328 io
1384 1262 1469 1328 hunc
1502 1260 1631 1326 modum

225 1390 288 1446 tres
311 1391 434 1446 veteres
459 1402 569 1446 versus
593 1381 776 1448 constituit:

430 1494 432 1500 ’
531 1495 675 1584 luppiter
699 1498 795 1584 utque
819 1494 895 1562 Divi
918 1500 1030 1562 omnes
1053 1496 1114 1561 hoc
1137 1493 1292 1562 dederunt

532 1609 575 1678 Ut
600 1610 688 1678 Titus
713 1610 879 1694 Quinctius
903 1611 1039 1677 dictator
1063 1608 1260 1694 (Romdous)

529 1725 655 1814 Oppida
678 1730 792 1792 novem
817 1725 938 1793 diebus
963 1749 1077 1792 novem
1102 1729 1240 1812 ciperet.

307 1840 420 1908 Paullo
444 1843 534 1907 aliter
557 1840 594 1908 C.
621 1840 660 1910 0.
685 1839 864 1909 Miilierus:

503 2037 504 2040 Ἴ
528 1959 613 2024 lovis
636 1970 733 2045 atque
757 1959 850 2024 divoe
874 1969 1009 2025 conctoe
1032 1959 1092 2024 hoc
1115 1957 1269 2024 dederont
1294 1955 1366 2022 Tito

532 2073 682 2154 Quinctio
706 2073 853 2140 dictatori
875 2087 914 2140 nt
935 2096 993 2161 per
1016 2073 1082 2139 dies
1106 2095 1248 2140 novenos

530 2187 657 2255 Novem
682 2190 778 2256 urbes
803 2190 903 2277 capsit
924 2199 1019 2277 atque
1091 2240 1096 2250 .

532 2301 613 2370 Tum
637 2304 803 2372 decumam
827 2305 1031 2372 Praenesten.

309 2417 348 2482 Et
365 2418 395 2484 hi
413 2419 540 2505 quidem
557 2420 618 2495 ita,
643 2421 841 2504 grammatici
857 2421 1019 2488 cuiusdam
1035 2422 1238 2500 auctoritate,
1256 2431 1291 2486 nt
1307 2420 1388 2494 dixi,
1413 2420 1517 2495 dueti;
1541 2419 1631 2484 cuius

219 2555 303 2621 quae
326 2534 367 2598 sit
390 2533 482 2610 fides,
519 2556 590 2600 curn
615 2535 709 2600 adid
733 2535 795 2616 loci
818 2557 954 2612 venero,
986 2536 1160 2602 ostendam.
1208 2534 1329 2604 Contra
1351 2558 1388 2602 ee
1411 2557 1472 2622 ego
1495 2538 1528 2600 in
1548 2533 1632 2600 Livii

219 2650 408 2716 auctoritate
439 2650 594 2724 consisto,
631 2651 685 2738 qui
709 2650 846 2718 tabulam
869 2652 952 2718 iliam
977 2651 1118 2734 Quinctii
1141 2651 1249 2718 laudes
1273 2651 1506 2738 praedicantem
1535 2649 1632 2716 versi·

221 2765 280 2830 bus
297 2763 454 2830 Saturniis
478 2766 563 2840 sive,
587 2776 623 2832 ut
644 2767 729 2852 apud
752 2777 896 2832 nostrum
919 2767 1066 2842 audiunt,
1091 2768 1324 2854 incompositis,
1348 2765 1533 2841 inconditis,
1557 2785 1633 2830 con-

220 2881 368 2966 scriptam
393 2902 481 2956 esse,
506 2903 546 2948 ne
569 2881 669 2948 verbo
693 2883 821 2971 quidem
845 2882 1052 2968 significavit,
1078 2905 1182 2969 neque
1204 2883 1270 2948 ullo
1294 2882 1389 2948 modo
1414 2902 1524 2948 versus
1547 2889 1633 2946 retu-

220 2995 274 3073 lit,
298 2996 358 3062 nisi
379 2995 464 3062 sorte
488 2998 679 3084 principium
702 2978 917 3084 inscriptionis
944 2997 1093 3084 „Iupiter
1116 3008 1210 3086 atque
1226 2995 1301 3062 Divi
1324 3017 1434 3062 omnes
1457 2995 1517 3061 hoc
1539 2995 1633 3060 dede-

223 3115 324 3174 runt«
355 3111 518 3176 trochaico
542 3113 706 3188 trimetro,
743 3136 782 3180 eo
805 3113 923 3180 scilicet
946 3135 1059 3187 versu,
1097 3135 1190 3200 quem
1215 3134 1320 3199 neque
1344 3111 1505 3198 tragoedia
1528 3132 1632 3197 neque

227 3223 387 3290 comoedia
419 3249 558 3314 unquam
588 3229 735 3314 agnovit,
769 3230 836 3294 sive
865 3227 990 3295 duobus
1019 3229 1243 3317 ithypheiiieis,
1279 3237 1425 3294 constare
1448 3225 1630 3292 credideris.

225 3335 267 3404 Ut
291 3337 432 3406 breviter
455 3341 574 3420 dicam,
608 3344 691 3430 apud
715 3342 842 3410 Livium
865 3343 941 3408 nihii
964 3343 1049 3409 aliud
1072 3345 1131 3410 nisi
1154 3354 1376 3430 argumentum
1401 3341 1524 3408 tabulae
1547 3362 1633 3432 surn-

223 3455 331 3520 metim
355 3458 566 3543 perscriptum
592 3469 704 3526 exstat.
751 3457 791 3524 Et
813 3460 846 3524 in
869 3459 931 3524 hoc
954 3479 1101 3546 quoque,
1126 3481 1215 3524 more
1238 3479 1312 3532 suo,
1345 3477 1407 3522 non
1432 3456 1512 3522 fidus
1535 3455 1631 3520 inter-

227 3589 318 3654 pres,
352 3573 407 3657 qui
431 3571 563 3638 verbum
589 3573 688 3640 verbo
711 3573 846 3640 reddere
869 3573 990 3649 studet,
1026 3575 1182 3657 exstitit.2t
1231 3571 1330 3640 Cuius
1353 3573 1401 3638 rei
1426 3570 1632 3637 luculentissi-

225 3706 311 3750 mum
335 3687 563 3754 documentum
587 3687 688 3756 habeo
711 3691 818 3756 locum
835 3713 875 3756 ex
891 3687 977 3756 Festi
993 3691 1170 3776 excerptis,
1195 3711 1259 3776 quo
1276 3689 1446 3761 evincitur,
1470 3708 1511 3752 ne
1527 3686 1631 3750 omnia.

221 3801 349 3886 quidem
367 3803 544 3876 recenseri,
567 3825 648 3890 quae
663 3804 788 3870 tabulae
806 3806 956 3892 inscripta
981 3807 1107 3888 erant.3)
1154 3804 1279 3869 Omittit
1303 3804 1385 3869 enim
1408 3802 1530 3877 dicere,
1554 3813 1632 3887 quot

223 3917 331 4001 pondo
355 3919 425 3983 auri
450 3916 654 3984 Cincinnatus
679 3921 710 3984 in
734 3921 852 4007 templo
876 3920 1068 4007 deposuerit.
1116 3919 1283 4006 Denique,
1318 3930 1354 3984 ut
1377 3918 1438 3983 hoc
1461 3917 1553 3982 etiam
1578 3915 1632 3980 ad-

326 4163 347 4234 1)
383 4169 750 4223 demerendorum
775 4170 845 4232 6623
871 4172 896 4222 G.
925 4173 954 4223 0.
977 4172 1072 4224 muter
1099 4171 1217 4234 Giitting.
1245 4170 1366 4233 gelehrte
1391 4169 1525 4230 Anneigeo
1554 4167 1630 4216 1820.

221 4253 287 4304 Nro.
307 4254 366 4304 138.
384 4271 411 4320 p.
430 4257 515 4319 retcc
532 4259 648 4310 Dttntaer
667 4261 700 4310 de
719 4271 798 4312 versu
818 4262 875 4312 Sat.
893 4276 920 4324 p.
938 4260 988 4322 68;
1006 4259 1081 4311 ectr
1099 4261 1198 4311 Gesch.
1213 4260 1262 4308 dar
1274 4257 1343 4308 rtim.
1358 4259 1420 4307 Litt.
1432 4258 1458 4316 8.
1472 4255 1507 4304 22
1520 4261 1576 4305 not.
1590 4255 1631 4303 11.

328 4337 352 4405 ⁹)
388 4345 498 4398 Minime
517 4353 670 4399 accuratam
690 4349 875 4413 inscriptionis
894 4351 1027 4400 rationem
1046 4350 1154 4412 haberi,
1174 4349 1257 4399 verbu
1278 4347 1409 4408 indicant,
1428 4345 1526 4409 quibus
1540 4343 1631 4394 tabula

221 4429 377 4482 inducitur:
394 4434 433 4482 tc's
447 4436 526 4496 ferme
543 4439 624 4488 tnetrc
641 4439 734 4488 Meris
749 4436 808 4503 [ott.

327 4517 348 4590 ³)
384 4524 478 4573 Festus
497 4539 517 4576 s.
536 4539 562 4576 v.
587 4527 712 4577 trientem
731 4540 756 4589 p.
776 4528 828 4578 275
851 4527 972 4577 Lindum.
1002 4526 1161 4590 „Trientem
1180 4527 1289 4576 tertium
1318 4523 1407 4587 pondo
1434 4533 1562 4571 coronam
1590 4534 1633 4569 au-

221 4624 293 4660 reum
313 4611 428 4686 dedisse
438 4625 468 4662 se
484 4613 546 4665 Jovi
566 4614 664 4664 donum
684 4615 793 4678 scripsit
811 4615 841 4666 Τ.
861 4614 1002 4679 Quinctius
1020 4615 1164 4665 Dict....
1189 4627 1268 4679 quom
1297 4627 1345 4677 per
1372 4623 1469 4662 novem
1489 4610 1545 4658 dies
1572 4610 1633 4660 toti·

223 4697 282 4748 tem
305 4701 388 4752 urbes
412 4706 440 4752 et
458 4701 591 4752 decimam
610 4703 756 4754 Prueneete
774 4705 907 4768 cepisset;
927 4704 953 4755 id
982 4703 1135 4768 significare
1159 4704 1197 4752 ait
1216 4702 1323 4754 Cincius
1344 4702 1372 4750 in
1393 4697 1595 4763 Mystagogtoon
1615 4699 1631 4745 t.

222 4783 255 4831 lt.
274 4786 336 4838 duas
354 4789 437 4840 libres
457 4790 547 4853 pondo
565 4797 592 4841 et
610 4793 763 4842 trientem«
